@inproceedings{Ail06,
  author = {Ailamaki, Anastassia and Govindaraju, Naga K. and Harizopoulos, Stavros and Manocha, Dinesh},
  booktitle = {32nd International Conference on Very large data bases (VLDB '06)},
  //location = {Seoul, Korea},
  pages = {1267-1267},
  //publisher = {VLDB Endowment},
  title = {Query co-processing on commodity processors},
  year = 2006}

@Article{Ahm13,
  author = {Ahmed, F.~D. and Nejam, A.~A.},
  title = {Cloud Computing: Technical Challenges and CloudSim Functionalities},
  journal = {International Journal of Science and Research},
  year = {2013},
  volume = {2},
  number = {1},
  pages = {26-30},
  month = {January},
  issn = {2319-7064}}

@article{Alexandrov14,
	author = {Alexandrov, Alexander and Bergmann, Rico and Ewen, Stephan and Freytag, Johann-Christoph and Hueske, Fabian and Heise, Arvid and Kao, Odej and Leich, Marcus and Leser, Ulf and Markl, Volker and Naumann, Felix and Peters, Mathias and Rheinländer, Astrid and Sax, Matthias J. and Schelter, Sebastian and Höger, Mareike and Tzoumas, Kostas and Warneke, Daniel},
	journal = {International Journal on Very Large Databases},
	number = 6,
	pages = {939-964},
	title = {The Stratosphere platform for big data analytics},
	volume = 23,
	year = 2014
}

@BOOK{Alpaydin10,
  title = {Introduction to Machine Learning},
  publisher = {The MIT Press},
  year = {2010},
  author = {Ethem Alpaydin},
  edition = {2nd}}

@inproceedings{Aljarah12,
  author = {Aljarah, Ibrahim and Ludwig, Simone A.},
  booktitle = {4th World Congress Nature and Biologicallly Inspired Computing (NaBIC)},
  pages = {104-111},
  //publisher = {IEEE},
  title = {Parallel particle swarm optimization clustering algorithm based on {MapReduce} methodology},
  year = 2012}

@ARTICLE{Akyildiz02,
author={Akyildiz, I.~F. and Su, W. and Sankarasubramaniam, Y. and Cayirci, E.},
title={A survey on sensor networks},
journal={IEEE Commun. Mag.},
year={2002},
volume={40},
number={8},
pages={102-105}}

@book{Anderson09,
  address = {Edmonton},
  edition = {2nd},
  editor = {Anderson, Terry},
  publisher = {AU Press},
  title = {The Theory and Practice of Online Learning},
  year = 2009}

@misc{AWS12,
    Title = {Amazon Web Services},
    Author = {Amazon.com Company},
    url  = {http://aws.amazon.com/},
    Year = {2012}    }

@inproceedings{Abh09,
  author = {Verma, Abhishek and Llora, Xavier and Goldberg, David E. and Campbell, Roy H.},
  booktitle = {9th International Conference on Intelligent Systems Design and Applications (ISDA)},
  pages = {13-18},
  title = {Scaling Genetic Algorithms Using {MapReduce}},
  year = 2009  }

@InProceedings{Abe12,
    Title = {Service-Oriented Business Intelligence},
    Author = {Alberto Abell\'o and Oscar Romero},
    BookTitle = {1st European Business Intelligence Summer School (eBISS'2011)},
    Series = {LNBIP},
    Volume = {96},
    Pages = {156-185},
    Year = 2012}

@inproceedings{Agr11,
  author = {Agrawal, Divyakant and Das, Sudipto and Abbadi, Amr El},
  booktitle = {14th International Conference on Extending Database Technology (EDBT)},
  pages = {530-533},
  title = {{Big Data} and cloud computing: current state and future opportunities},
  year = 2011  }

@inproceedings{Amd67,
  //address = {Reston, VA},
  author = {Amdahl, G. M.},
  booktitle = {Sprint Joint Computer Conference of the American Federation of Information Processing Societies},
  pages = {483-485},
  //publisher = {AFIPS Press},
  title = {Validity of the single-processor approach to achieving large scale computing capabilities},
  volume = 30,
  year = 1967  }

@Book{Alo04,
    Author = {Alonso, G. and Casati, F. and Kuno, H. and Machiraju, V.},
    Title = {Web Services: Concepts, Architectures and Applications},
    Publisher = {Springer, Heidelberg},
    Year = {2004}    }

@inproceedings{Alv10,
  author = {Alvaro, Peter and Condie, Tyson and Conway, Neil and Elmeleegy, Khaled and Hellerstein, Joseph M. and Sears, Russell},
  booktitle = {European Conference on Computer Systems (EuroSys'10)},
  //editor = {Morin, Christine and Muller, Gilles},
  //isbn = {978-1-60558-577-2},
  pages = {223-236},
  //publisher = {ACM},
  title = {Boom analytics: exploring data-centric, declarative programming for the cloud},
  year = 2010  }

@inproceedings{Arm97,
  author = {Armstrong, Joe L.},
  booktitle = {International Conference on Functional Programming (ICFP'97)},
  editor = {Jones, Simon L. Peyton and Tofte, Mads and Berman, A. Michael},
  pages = {196-203},
  //publisher = {ACM},
  title = {The Development of Erlang},
  year = 1997  }

@ARTICLE{Assent12,
author={Assent, I.},
title={Clustering high dimensional data},
journal={WIREs Data Mining and Knowledge Discovery},
year={2012},
volume={2},
number={4},
pages={340-350}}

@inproceedings{Baj11,
  author = {Bajda-Pawlikowski, Kamil and Abadi, Daniel J. and Silberschatz, Avi and Paulson, Erik},
  booktitle = {SIGMOD Conference},
  pages = {1165-1176},
  //publisher = {ACM},
  title = {Efficient processing of data warehousing queries in a split execution environment},
  year = 2011  }

@Book{And13,
    Title   = {Storm Real-time Processing Cookbook},
    Author  = {Quinton Anderson},
    Publisher   =  {O'Reilly},
    Edition  = {1st},
    Year    = {2013}}

@article{Bacardit13,
  author = {Bacardit, Jaume and Llorà, Xavier},
  journal = {WIREs Data Mining and Knowledge Discovery},
  number = 1,
  pages = {37-61},
  title = {Large-scale data mining using genetics-based machine learning},
  volume = 3,
  year = 2013}

@InProceedings{Bec05,
    Author  = {Jacek Becla and Daniel L. Wang},
    Title   = {Lessons learned from managing a petabyte},
    BookTitle   = {2nd Biennial Conference on Innovative Data Systems Research (CIDR 2005)},
    //Address = {Asilomar, California},
    pages = {70-83},
    Year    = {2005}}

@article{Bahga12,
  author = {Bahga, Arshdeep and Madisetti, Vijay Krishna},
  journal = IEEE_J_PDS,
  number = 10,
  pages = {1831-1843},
  title = {Analyzing Massive Machine Maintenance Data in a Computing Cloud},
  volume = 23,
  year = 2012}

@article{Bec06,
  author = {Becla, Jacek and Hanushevsky, Andrew and Nikolaev, Sergei and Abdulla, Ghaleb and Szalay, Alexander S. and Nieto-Santisteban, María A. and Thakar, Ani and Gray, Jim},
  journal = {Computing Research Repository},
  title = {Designing a Multi-petabyte Database for LSST},
  volume = {Vol. abs/cs/0604112},
  year = 2006,
  Pages = {1-8}}

@Article{Bel09,
    Author = {Gordon Bell and Tony Hey and Alex Szalay},
    Title   = {Beyond the data deluge},
    Journal = {Science},
    Volume  = {323},
    Number  = {5919},
    Pages   = {1297-1298},
    Year    = {2009}}

@article{Bas13,
  author = {Basaran, Can and Kang, Kyoung-Don},
  journal = {J. Parallel Distrib. Comput.},
  number = 4,
  pages = {522-533},
  title = {Grex: An efficient {MapReduce} framework for graphics processing units},
  volume = 73,
  year = 2013}

@article{Bey11,
  author = {Beyer, Kevin S. and Ercegovac, Vuk and Gemulla, Rainer and Balmin, Andrey and Eltabakh, Mohamed Y. and Kanne, Carl-Christian and Özcan, Fatma and Shekita, Eugene J.},
  journal = {VLDB J.},
  number = 12,
  pages = {1272-1283},
  title = {Jaql: A Scripting Language for Large Scale Semistructured Data Analysis},
  volume = 4,
  year = 2011  }

@ARTICLE{Bhat13,
author={Bhat, S.~Y. and Abulaish, M.},
title={Analysis and mining of online social networks: Emerging trends and challenges},
journal={WIREs Data Mining and Knowledge Discovery},
year={2013},
volume={3},
number={6},
pages={408-444}}

@misc{Bos07,
 Author = {G. Boss and P Malladi and et al.},
 Title = {Cloud Computing: IBM White Paper},
 url = {http://download.boulder.ibm.com},
 year = {2007} }

@book{Bou09,
 author = {Bouman, Roland and van Dongen, Jos},
 title = {Pentaho Solutions: Business Intelligence and Data Warehousing with Pentaho and MySQL},
 year = {2009},
 publisher = {Wiley Publishing} }

@article{Bu12,
  author = {Bu, Yingyi and Howe, Bill and Balazinska, Magdalena and Ernst, Michael D.},
  journal = {VLDB J.},
  number = 2,
  pages = {169-190},
  title = {The HaLoop approach to large-scale iterative data analysis},
  volume = 21,
  year = 2012  }

@Article{Buy09,
    Title = {Cloud computing and emerging IT platforms: Vision, hype, and reality for delivering computing as the 5th utility},
    Author = {R. Buyya and C.~S. Yeo and S. Venugopal and J. Broberg and I. Brandic},
    Year = {2009},
    Journal = FGCS,
    Volume = {25},
    Number = {6},
    Pages = {599-616}    }

@Book{Buy11,
    Author = {Buyya, R. and Broberg, J. and GoscInformation Scienceski, A.},
    title = {Cloud Computing: Principles and Paradigms},
    Publisher = {Wiley, Chichester},
    Year = {2011}    }

@Book{Can00,
    Author  = {E. Cant\'u-Paz},
    Title   = {Efficient and Accurate Parallel Genetic Algorithms},
    Publisher   = {Springer},
    Year    = {2000}}

@article{Cappello09,
  author = {Cappello, Franck and Geist, Al and Gropp, Bill and Kalé, Laxmikant V. and Kramer, Bill and Snir, Marc},
  journal = {Int. J. High Perform. Comput. Appl},
  number = 4,
  pages = {374-388},
  title = {Toward Exascale Resilience},
  volume = 23,
  year = 2009}


@Article{Car13,
    Title   = {An ontology enhanced parallel {SVM} for scalable spam filter training},
    Author  = {Godwin Caruana and Maozhen Li and Yang Liu},
    Journal = {Neurocomputing},
    Volume  = {108},
    Year    = {2013},
    Pages   = {45-57}}

@book{Cas10,
 author = {Casters, Matt and Bouman, Roland and Dongen, Jos van},
 title = {Pentaho Kettle Solutions: Building Open Source ETL Solutions with Pentaho Data Integration},
 year = {2010},
 publisher = {Wiley Publishing} }

@article{Cha97,
  author = {Chaudhuri, Surajit and Dayal, Umeshwar},
  journal = {SIGMOD Record},
  number = 1,
  pages = {65-74},
  title = {An Overview of Data Warehousing and OLAP Technology},
  volume = 26,
  year = 1997  }

@article{Chang08,
  author = {Chang, Fay and Dean, Jeffrey and Ghemawat, Sanjay and Hsieh, Wilson C. and Wallach, Deborah A. and   Burrows, Michael and Chandra, Tushar and Fikes, Andrew and Gruber, Robert E.},
  journal = {ACM Transactions on Computational Systems},
  number = 2,
  title = {Bigtable: A Distributed Storage System for Structured Data},
  volume = 26,
  year = 2008  }

@inproceedings{Cha10,
  author = {Chang, Jin and Luo, Jun and Huang, Joshua Zhexue and Feng, Shengzhong and Jianping Fan},
  booktitle = {IEEE International Conference on Data Mining Workshops},
  //editor = {Fan, Wei and Hsu, Wynne and Webb, Geoffrey I. and Liu, Bing and Zhang, Chengqi and Gunopulos, Dimitrios and Wu, Xindong},
  pages = {129-137},
  //publisher = {IEEE Computer Society},
  title = {Minimum Spanning Tree Based Classification Model for Massive Data with {MapReduce} Implementation},
  year = 2010  }

@Article{Chai08,
    Author  = {R. Chaiken and B. JenkInformation Sciences and P.A. Larson and B. Ramsey and D. Shakib and S. Weaver and J. Zhou},
    Year    = {2008},
    Title   = {{SCOPE:} easy and efficient parallel processing of massive data sets},
    JOurnal   = PVLDB,
    Volume   = {1},
    Number  = {2},
    Pages   = {1265-1276}}

@Book{Che98,
    Author  = {V. Cherkassky and F.~M. Mulier},
    Title   = {Learning from Data: Concepts, Theory, and Methods},
    Series  = {Wiley Series on Adaptive and Learning Systems for Signal Processing, Communications and Control Series},
    Publisher   = {Wiley},
    Year    = {1998}}

@inproceedings{Che11,
  author = {Chen, Wei and Zong, Lang and Huang, Weijing and Ou, Gaoyan and Wang, Yue and Yang, Dongqing},
  booktitle = {Asia-Pacific Web Conference},
  pages = {424-435},
  series = {LNCS},
  title = {An Empirical Study of Massively Parallel Bayesian Networks Learning for Sentiment Extraction from Unstructured Text},
  volume = 6612,
  year = 2011  }

@article{Chen12,
  author = {Chen, Yanpei and Ferguson, Andrew and Martin, Brian and Wang, Andrew and Wendell, Patrick},
  journal = {ACM Crossroads},
  number = 1,
  pages = {35-37},
  title = {{Big Data} and internships at Cloudera},
  volume = 19,
  year = 2012}

@CONFERENCE{Chen13,
author={Chen, H. and Lin, T.~Y. and Zhang, Z. and Zhong, J.},
title={Parallel mining frequent patterns over big transactional data in extended {MapReduce}},
BookTitle={Proceedings of the 2013 IEEE International Conference on Granular Computing, GrC 2013},
year={2013},
pages={43-48},
art_number={6740378}}

@Article{Chen14,
    Author  = {C.L. Philip Chen and Chun-Yang Zhang},
    Title   = {Data-intensive applications, challenges, techniques and technologies: A survey on {Big Data}},
    Journal = {Information Sciences},
    Year    = {2014},
    Volume  = {275},
    Pages   = {314-347}}

@inproceedings{Chu2006,
  author = {Chu, Cheng-Tao and Kim, Sang Kyun and Lin, Yi-An and Yu, YuanYuan and Bradski, Gary R. and Ng, Andrew Y. and Olukotun, Kunle},
  booktitle = {Advances in Neural Information Processing Systems 19, Twentieth Annual Conference on Neural Information Processing Systems (NIPS)},
  pages = {281-288},
  title = {Map-Reduce for Machine Learning on Multicore},
  year = 2006}

@Article{Creeger09,
    Author  = {Creeger, M.},
    Year    = {2009},
    Title   = {Cloud Computing: An Overview},
    Journal = {ACM Queue},
    Volume  = {7},
    Number  = {5},
    Pages   = {2}}

@inproceedings{Das10,
  author = {Das, Sudipto and Sismanis, Yannis and Beyer, Kevin S. and Gemulla, Rainer and Haas, Peter J. and McPherson, John},
  booktitle = {2010 International Conference on Management of data (SIGMOD '10)},
  pages = {987-998},
  title = {Ricardo: integrating R and Hadoop},
  year = 2010  }

@article{Dea08,
  author = {Dean, Jeffrey and Ghemawat, Sanjay},
  issn = {0001-0782},
  journal = {Communications of the ACM},
  number = 1,
  pages = {107-113},
  title = {{{MapReduce}:} Simplified Data Processing on Large Clusters},
  volume = 51,
  year = 2008  }

@article{Dean10,
  author = {Dean, Jeffrey and Ghemawat, Sanjay},
  journal = {Communications of the ACM},
  number = 1,
  pages = {72-77},
  title = {{{MapReduce}}: A Flexible Data Processing Tool},
  volume = 53,
  year = 2010}

@article{deWit90,
  author = {DeWitt, David J. and Ghandeharizadeh, Shahram and Schneider, Donovan A. and Bricker, Allan and Hsiao, Hui-I and Rasmussen, Rick},
  journal = IEEE_J_KDE,
  number = 1,
  pages = {44-62},
  title = {The Gamma Database Machine Project},
  volume = 2,
  year = 1990}

@INPROCEEDINGS{Dil10,
  author={Dillon, T. and Chen Wu and Chang, E.},
  booktitle={24th IEEE International Conference on Advanced Information Networking and Applications (AINA)},
  title={Cloud Computing: Issues and Challenges},
  year={2010},
  pages={27-33}}

@ARticle{Dittrich10,
    Author  = {Dittrich, J., and Quiané-Ruiz, J.-A., and Jindal, A., and Kargin, Y., and Setty, V., and Schad, J.},
    Year    = {2010},
    Title   = {Hadoop++: Making a Yellow Elephant Run Like a Cheetah (Without It Even Noticing)},
    JOurnal = PVLDB,
    Volume  = {3},
    Number  = {1},
    Pages   = {518-529}}

@inproceedings{Don11,
 author = {Dong, Yuxiao and Ke, Qing and Cai, Yanan and Wu, Bin and Wang, Bai},
 title = {TeleDatA: data mining, social network analysis and statistics analysis system based on cloud computing in telecommunication industry},
 booktitle = {3rd international workshop on Cloud data management (CloudDB '11)},
 year = {2011},
 pages = {41-48}}

@book{duda00,
  address = {New York; Chichester},
  author = {Duda, Richard O and Stork, David G and Hart, Peter E},
  publisher = {Wiley},
  title = {Pattern classification},
  year = 2000}

@Book{Due03,
    Author = {W. Duer},
    Title = {{CRM}, Customer Relationship Management},
    Publisher = {{MP} editions},
    Year = {2003}    }

@InProceedings{Ekanayake10,
    Author = {J. Ekanayake and H. Li and B. Zhang and T. Gunarathne and S.-H. Bae and J. Qiu and G. Fox},
    title  = {Twister: a runtime for iterative {MapReduce}},
    BookTitle   = {ACM International Symposium on High Performance Distributed Computing (HPDC'2010)},
    Pages   = {810-818},
    Year    = {2010}}

@Article{Ela08,
    Author  = {Elaine R. Mardis},
    Title   = {The impact of next-generation sequencing technology on genetics},
    Journal = {Trends in Genetics},
    Volume  = {24},
    Number  = {3},
    Pages   = {133-141},
    Year    = {2008}}

@ARTICLE{Elo12,
author={Elo, L.~L. and Schwikowski, B.},
title={Mining proteomic data for biomedical research},
journal={WIREs Data Mining and Knowledge Discovery},
year={2012},
volume={2},
number={1},
pages={1-13}}

@Article{Eri13,
    Title   = {On the performance of high dimensional data clustering and classification algorithms},
    Author  = {Kathleen Ericson and Shrideep Pallickara},
    Journal = FGCS,
    Volume  = {29},
    Number  = {4},
    Pages   = {1024-1034},
    Year    = {2013}}

@article{EwenTKM12,
	author = {Ewen, Stephan and Tzoumas, Kostas and Kaufmann, Moritz and Markl, Volker},
	journal = {PVLDB},
	number = 11,
	pages = {1268-1279},
	title = {Spinning Fast Iterative Data Flows},
	volume = 5,
	year = 2012
}

@Article{Fang11,
    Author  = {W. Fang and B. He and Q. Luo and N.~K. Govindaraju},
    Year    = {2011},
    Title   = {Mars: Accelerating {MapReduce} with Graphics Processors},
    JOurnal = IEEE_J_PDS,
    Volume  = {22},
    Number  = {4},
    Pages   = {608-620}}

@ARTICLE{Folling12,
author={F\"olling, A. and Lepping, J.},
title={Knowledge discovery for scheduling in computational grids},
journal={WIREs Data Mining and Knowledge Discovery},
year={2012},
volume={2},
number={4},
pages={287-297}}

@misc{For12,
    Author = {Force.com},
    Title = {Force.com},
    url = {http://www.force.com/},
    Year = {2012}    }

@INPROCEEDINGS{Fos08,
  author={Foster, I. and Yong Zhao and Raicu, I. and Shiyong Lu},
  booktitle={Grid Computing Environments Workshop (GCE '08)},
  title={Cloud Computing and Grid Computing 360-Degree Compared},
  year={2008},
  pages={1-10},}

@Book{Fur10,
  address = {Boston, MA},
  Title = {Handbook of Cloud Computing},
  editor = {Furht, Borko and Escalante, Armando},
  isbn = {978-1-4419-6523-3},
  publisher = {Springer US},
  year = 2010  }

@misc{GAE12,
    Author = {Google},
    Title = {Google App Engine},
    url  = {http://code.google.com/intl/es-ES/appengine/},
    Year = {2012}    }

@inproceedings{Gao09,
  author = {Gao, Wenxuan and Grossman, Robert L. and Yu, Philip S. and Gu, Yunhong},
  booktitle = {IEEE International Conference on Data Mining Workshops},
  pages = {282-289},
  title = {Why Naive Ensembles Do Not Work in Cloud Computing},
  year = 2009
  }

@ARTICLE{Gao10,
author={Gao, H. and Jiang, J. and She, L. and Fu, Y.},
title={A new agglomerative hierarchical clustering algorithm implementation based on the map reduce framework},
journal={International Journal of Digital Content Technology and its Applications},
year={2010},
volume={4},
number={3}}

@Misc{Gar13,
    Author  = {Kurt Schlegel and Rita L. Sallam and Daniel Yuen and Joao Tapadinhas},
    Title   = {Magic Quadrant for Business Intelligence and Analytics Platforms},
    Year    = {2013},
    url   = {http://www.gartner.com/technology/reprints.do?id=1-1DZLPEP&ct=130207}}

@article{Gat09,
  author = {Gates, Alan and Natkovich, Olga and Chopra, Shubham and Kamath, Pradeep and Narayanam, Shravan and Olston, Christopher and Reed, Benjamin and Srinivasan, Santhosh and Srivastava, Utkarsh},
  journal = PVLDB,
  number = 2,
  pages = {1414-1425},
  title = {Building a HighLevel Dataflow System on top of {MapReduce}: The Pig Experience},
  volume = 2,
  year = 2009}

@InProceedings{Ghe03,
    Author = {Ghemawat, S. and Gobioff, H. and Leung, S.-T.},
    Year = {2003},
    Title = {The Google file system},
    BookTitle = {19th Symposium on Operating Systems Principles},
    Pages = {29-43}    }

@InProceedings{Gho09,
    Author  = {A. Ghoting and E. Pednault},
    Title   = {Hadoop-ML: An Infrastructure for the Rapid Implementation of Parallel Reusable Analytics},
    BookTitle   = {Large-Scale Machine Learning: Parallelism and Massive Data Sets Workshop (NIPS 09)},
    Year    = {2009}}

@inproceedings{gho11,
  address = {Washington, DC, USA},
  author = {Ghoting, Amol and Krishnamurthy, Rajasekar and Pednault, Edwin and Reinwald, Berthold and Sindhwani, Vikas and Tatikonda, Shirish and Tian, Yuanyuan and Vaithyanathan, Shivakumar},
  booktitle = {27th International Conference on Data Engineering (ICDE'11)},
  pages = {231-242},
  title = {SystemML: Declarative machine learning on {MapReduce}},
  year = 2011}

@article{glaab12,
  title={Using rule-based machine learning for candidate disease gene prioritization and sample classification of cancer gene expression data},
  author={Glaab, Enrico and Bacardit, Jaume and Garibaldi, Jonathan M and Krasnogor, Natalio},
  journal={PloS one},
  volume={7},
  number={7},
  pages={e39932},
  year={2012},
  publisher={Public Library of Science}}

@misc{Gnub12,
    Author = {Gn\'ubila},
    Title = {Grid business services, cloud computing and banking},
    url  = {http://www.gnubila.com},
    Year = {2012}    }

@inproceedings{Ghoting2011,
  author = {Ghoting, Amol and Kambadur, Prabhanjan and Pednault, Edwin P. D. and Kannan, Ramakrishnan},
  booktitle = {17th ACM SIGKDD International Conference on Knowledge Discovery and Data Mining},
  pages = {334-342},
  title = {NIMBLE: A Toolkit for the Implementation of Parallel Data Mining and Machine Learning Algorithms on {MapReduce}},
  year = 2011}

@techreport{Goyal09,
    Author  = {Amit Goyal And Sara Dadizadeh},
    Title   = {A Survey on Cloud Computing},
    Institution = {University of British Columbia},
    Number  = {CS 508},
    Year    = {2009},
    Pages   = {1-14}}

@article{Gre11,
  author = {Greenberg, Albert G. and Hamilton, James R. and Jain, Navendu and Kandula, Srikanth and Kim, Changhoon and Lahiri, Parantap and Maltz, David A. and Patel, Parveen and Sengupta, Sudipta},
  journal = {Commun. ACM},
  number = 3,
  pages = {95-104},
  title = {VL2: a scalable and flexible data center network},
  volume = 54,
  year = 2011  }

@inproceedings{GroG08,
  author = {Grossman, Robert L. and Gu, Yunhong},
  booktitle = {14th ACM SIGKDD International Conference on Knowledge discovery and data mining (KDD08)},
  pages = {920-927},
  title = {Data mining using high performance data clouds: experimental studies using sector and sphere},
  year = 2008  }

@article{Gro09,
  author = {Grossman, Robert L. and Gu, Yunhong and Sabala, Michal and Zhang, Wanzhi},
  journal = FGCS,
  number = 2,
  pages = {179-183},
  title = {Compute and storage clouds using wide area high performance networks},
  volume = 25,
  year = 2009  }

@article{gro96,
  author = {Gropp, William and Lusk, Ewing L. and Doss, Nathan E. and Skjellum, Anthony},
  journal = {Parallel Comput.},
  number = 6,
  pages = {789-828},
  title = {A High-Performance, Portable Implementation of the MPI Message Passing Interface Standard},
  volume = 22,
  year = 1996}

@article{Guha09,
author = {S. Guha and R. P. Hafen and P. Kidwell and W. S. Cleveland},
title = {{Visualization Databases for the Analysis of Large Complex Datasets}},
journal = JMLR,
volume = {5},
pages = {193-200},
year = 2009
}

@article{Guha12,
author = {S. Guha and R. Hafen and J. Rounds and J.  Xia  and J. Li and B. Xi
and W. S. Cleveland},
title = {{Large Complex Data: Divide and Recombine (D\&R) with RHIPE}},
journal = {Stat},
volume = {1},
number = {1},
Pages = {53-67},
year = {2012}}


@inproceedings{Gup10,
  author = {Gupta, Vishal and Saxena, Ashutosh},
  booktitle = {Conference on Network Security & Applications (CNSA'2010)},
  pages = {323-330},
  series = {Communications in Computer and Information Science},
  title = {Privacy Layer for Business Intelligence},
  volume = 89,
  year = 2010  }

@InProceedings{Gupta12,
    Author  = {R. Gupta and H. Gupta and M.~K. Mohania},
    Year    = {2012},
    Title   = {Cloud Computing and {Big Data} Analytics: What Is New from Databases Perspective?},
    BookTitle   = {1st International Conference on {Big Data} Analytics (BDA'2012)},
    Pages   = {42-61}}

@inproceedings{Hab10,
  author = {Habich, Dirk and Lehner, Wolfgang and Richly, Sebastian and Aßmann, Uwe},
  booktitle = {IEEE CLOUD},
  pages = {19-26},
  title = {Using Cloud Technologies to Optimize Data-Intensive Service Applications},
  year = 2010  }

@misc{Had12,
    Author = {{The Apache Software Foundation}},
  Title = {Hadoop, an open source implementing of {MapReduce} and {GFS}},
  Year = {2012},
  url = {http://hadoop.apache.org}  }

@article{Han07,
  author = {Han, Jiawei and Cheng, Hong and Xin, Dong and Yan, Xifeng},
  journal = DMKD,
  number = 1,
  pages = {55-86},
  title = {Frequent pattern mining: current status and future directions},
  volume = 15,
  year = 2007}

@inproceedings{Han09,
 author = {Han, Yuzhang and Brezany, Peter and Janciak, Ivan},
 title = {Cloud-Enabled Scalable Decision Tree Construction},
 booktitle = {5th International Conference on Semantics, Knowledge and Grid (SKG '09)},
 year = {2009},
 pages = {128-135}}

@inproceedings{Han11,
  author = {Han, Yuzhang and Brezany, Peter and GoscInformation Scienceski, Andrzej},
  booktitle = {International Conference On Algorithms And Architectures For Parallel Processing},
  pages = {206-217},
  series = {LNCS},
  title = {Stream Management within the CloudMiner},
  volume = 7016,
  year = 2011  }

@InProceedings{Han11Nosql,
    Author = {J. Han and E. Haihong and G. Le and J. Du},
    Title  = {Survey on NoSQL database},
    BookTitle = {6th International Conference on Pervasive Computing and Applications, (ICPCA 2011)},
    Pages = {363-366},
    Year = {2011}    }

@article{Har83,
  author = {H\"arder, Theo and Reuter, Andreas},
  journal = {ACM Comput. Surv},
  number = 4,
  pages = {287-317},
  title = {Principles of Transaction-Oriented Database Recovery},
  volume = 15,
  year = 1983  }

@BOOK{Hastie09,
  title = {The Elements of Statistical Learning: Data Mining, Inference and Prediction},
  publisher = {Springer, New York Berlin Heidelberg},
  year = {2009},
  author = {T. Hastie and R. Tibshirani and J. Friedman},
  edition = {2nd}}

@Article{Haus13,
    Author = {M. Hausenblas and J. Nadeau},
    Year   = {2013},
    Title   = {Apache drill: interactive Ad-Hoc analysis at scale},
    Journal = {{Big Data}},
    Volume  = {1},
    Number  = {2},
    Pages   = {100-104}}

@inproceedings{He11,
  author = {He, Yongqiang and Lee, Rubao and Huai, Yin and Shao, Zheng and Jain, Namit and Zhang, Xiaodong and Xu, Zhiwei},
  booktitle = {International Conference on Data Engineering},
  //editor = {Abiteboul, Serge and Böhm, Klemens and Koch, Christoph and Tan, Kian-Lee},
  //isbn = {978-1-4244-8958-9},
  pages = {1199-1208},
  //publisher = {IEEE Computer Society},
  title = {RCFile: A fast and space-efficient data placement structure in {MapReduce}-based warehouse systems},
  year = 2011  }

@ARTICLE{He{SVM}11,
author={He, Q. and Du, C. and Wang, Q. and Zhuang, F. and Shi, Z.},
title={A parallel incremental extreme {SVM} classifier},
journal={Neurocomputing},
year={2011},
volume={74},
number={16},
pages={2532-2540},
}

@Article{He14,
    Title   = {Parallel sampling from {Big Data} with uncertainty distribution},
    Author  = {Qing He and Haocheng Wang and Fuzhen Zhuang and Tianfeng Shang and Zhongzhi Shi},
    Journal = {Fuzzy Sets and Systems},
    Year    = {2015},
    Volume  = {258},
    Number = {1},
    Pages   = {117-133}}

@Book{HBKH10,
    Author = {J. Hurwitz and R. Bloor and M. Kaufman and F. Halper},
    Title = {Cloud Computing for Dummies},
    Publisher = {Wiley},
    Year = {2010}    }

@inproceedings{Hua10,
  author = {Huang, Jen-Wei and Lin, Su-Chen and Chen, Ming-Syan},
  booktitle = {Pacific-Asia Conference on Knowledge Discovery and Data Mining},
  //editor = {Zaki, Mohammed Javeed and Yu, Jeffrey Xu and Ravindran, B. and Pudi, Vikram},
  //isbn = {978-3-642-13671-9},
  pages = {27-34},
  publisher = {Springer},
  series = {LNCS},
  title = {DPSP: Distributed Progressive Sequential Pattern Mining on the Cloud},
  volume = 6119,
  year = 2010  }

@ARTICLE{Hummer13,
author={Hummer, W. and Satzger, B. and Dustdar, S.},
title={Elastic stream processing in the Cloud},
journal={WIREs Data Mining and Knowledge Discovery},
year={2013},
volume={3},
number={5},
pages={333-345}}

@article{Hues12,
	author = {Hueske, Fabian and Peters, Mathias and Sax, Matthias and Rheinländer, Astrid and Bergmann, Rico and Krettek, Aljoscha and Tzoumas, Kostas},
	journal = {PVLDB},
	Pages = {1256-1267},
	title = {Opening the Black Boxes in Data Flow Optimization},
	volume = {5},
	year = 2012
}

@inproceedings{Isa07,
  //address = {New York, NY, USA},
  author = {Isard, Michael and Budiu, Mihai and Yu, Yuan and Birrell, Andrew and Fetterly, Dennis},
  booktitle = {2nd ACM SIGOPS/EuroSys European Conference on Computer Systems (EuroSys'07)},
  //isbn = {978-1-59593-636-3},
  //location = {Lisbon, Portugal},
  pages = {59-72},
  //publisher = {ACM},
  title = {{Dryad: Distributed Data-parallel Programs from Sequential Building Blocks}},
  year = 2007  }

@article{Jain10,
title = "Data clustering: 50 years beyond K-means ",
journal = PRL,
volume = "31",
number = "8",
pages = "651-666",
year = "2010",
note = "Award winning papers from the 19th International Conference on Pattern Recognition (ICPR) 19th International Conference in Pattern Recognition (ICPR) ",
author = "Anil K. Jain",
}

@ARticle{Jiang10,
    Author  = {D. Jiang and B.~C. Ooi and L. Shi and S. Wu},
    Year    = {2010},
    Title   = {The Performance of {MapReduce}: An In-depth Study},
    Journal = PVLDB,
    Volume  = {3},
    Number  = {1},
    Pages   = {472-483}}

@article{Jiang11,
  author = {Jiang, David and Tung, Anthony K. H. and 0001, Gang Chen},
  journal = IEEE_J_KDE,
  number = 9,
  pages = {1299-1311},
  title = {MAP-JOIN-REDUCE: Toward Scalable and Efficient Data Analysis on Large Clusters},
  volume = 23,
  year = 2011}

@inproceedings{Jin10,
  author = {Jin, Hui and Chen, Yong and Zhu, Huaiyu and Sun, Xian-He},
  booktitle = {39th International Conference on Parallel Processing, ICPP 2010},
  pages = {525-534},
  //publisher = {IEEE Computer Society},
  title = {Optimizing HPC Fault-Tolerant Environment: An Analytical Approach.},
  year = 2010}

@article{Jin13,
  author = {Jin, Hui and Sun, Xian-He},
  journal = FGCS,
  number = 7,
  pages = {1808-1815},
  title = {Performance comparison under failures of MPI and {MapReduce}: An analytical approach},
  volume = 29,
  year = 2013}

@article{Kajdanowicz14,
  author = {Kajdanowicz, Tomasz and Kazienko, Przemyslaw and Indyk, Wojciech},
  journal = FGCS,
  pages = {324-337},
  title = {Parallel processing of large graphs},
  volume = 32,
  year = 2014}

@Article{Kam14,
Author  = {Karthik Kambatla and Giorgos Kollias and Vipin Kumar and Ananth Grama},
Title   = {Trends in {Big Data} analytics},
Journal = {Journal of Parallel and Distributed Computing},
Volume = {74},
Number = {7},
Pages = {2561-2573},
Year    = {2014}
}

@inproceedings{kim12,
title={Parallel top-k similarity join algorithms using {MapReduce}},
author={Kim, Younghoon and Shim, Kyuseok},
booktitle={28th International Conference on Data Engineering (ICDE)},
pages={510-521},
year={2012},
organization={IEEE}}

@article{kim2013twilite,
title={TWILITE: A recommendation system for Twitter using a probabilistic model based on latent Dirichlet allocation},
author={Kim, Younghoon and Shim, Kyuseok},
journal={Information Syst.},
year={2013},
publisher={Pergamon}}

@ARTICLE{Kim14,
author={Kim, Y. and Shim, K. and Kim, M.-S. and Sup Lee, J.},
title={DBCURE-MR: An efficient density-based clustering algorithm for large data using {MapReduce}},
journal={Information Syst.},
year={2014},
volume={42},
pages={15-35}}

@inproceedings{Koz09,
    author = {Kozuch, Michael A. and Ryan, Michael P. and Gass, Richard and Schlosser, Steven W. and O'Hallaron, David and Cipar, James and Krevat, Elie and L\'{o}pez, Julio and Stroucken, Michael and Ganger, Gregory R.},
    title = {Tashi: location-aware cluster management},
    booktitle = {1st workshop on Automated control for datacenters and clouds (ACDC '09)},
    year = {2009},
    //isbn = {978-1-60558-585-7},
    //location = {Barcelona, Spain},
    pages = {43-48},}
    //publisher = {ACM},
    //address = {New York, NY, USA} }

@Article{Kraska13,
    Author  = {Kraska, T.},
    Year    = {2013},
    Title   = {Finding the Needle in the {Big Data} Systems Haystack},
    Journal = {IEEE Internet Comput.},
    Volume  = {17},
    Number  = {1},
    Pages   = {84-86}}

@InProceedings{Kra13,
    Author  = {T. Kraska and A. Talwalkar and J.Duchi and R. Griffith and M. Franklin and M.I. Jordan},
    Title   = {MLbase: A Distributed Machine Learning System},
    BookTitle   = {Conference on Innovative Data Systems Research},
    Pages   = {1-7},
    Year    = {2013}}

@article{Lai11,
  author = {Lai, Chin-Feng and Chang, Jui-Hung and Hu, Chia-Cheng and Huang, Yueh-Min and Chao, Han-Chieh},
  journal = FGCS,
  number = 6,
  pages = {823-835},
  title = {CPRS: A cloud-based program recommendation system for digital TV platforms},
  volume = 27,
  year = 2011  }

@Book{Lam11,
    Author = {Chuck Lam},
    Title   = {Hadoop in action},
    Publisher   = {Manning},
    Year    = {2011},
    Edition = {1st}}

@article{Labrinidis12,
  author = {Labrinidis, Alexandros and Jagadish, H. V.},
  journal = PVLDB,
  number = 12,
  pages = {2032-2033},
  title = {Challenges and Opportunities with {Big Data}},
  volume = 5,
  year = 2012}

@Article{Lee14,
    Author  = {Daewoo Lee and Jin-Soo Kim and Seungryoul Maeng},
    Year    = {2014},
    Title   = {Large-scale incremental processing with {MapReduce}},
    JOurnal = FGCS,
    Volume  = {36},
    Pages   = {6679}}

@inproceedings{Leung13,
  author = {Leung, Carson Kai-Sang and Hayduk, Yaroslav},
  booktitle = {Database Systems for Advanced Applications (DASFAA'13)},
  //editor = {Meng, Weiyi and Feng, Ling and Bressan, Stéphane and Winiwarter, Werner and Song, Wei},
  pages = {440-455},
  //publisher = {Springer},
  series = {LNCS},
  title = {Mining Frequent Patterns from Uncertain Data with {MapReduce} for {Big Data} Analytics},
  volume = 7825,
  year = 2013}

@article{Li11,
    title = {Cloud Computing Based Solution to Decision Making},
    journal = {Procedia Engineering},
    volume = {15},
    pages = {1822 - 1826},
    year = {2011},
    issn = {1877-7058},
    author = {Li Jun and Wen Jun}    }

@inproceedings{Li11:SMA,
 author = {Li, Lingjuan and Zhang, Min},
 title = {The Strategy of Mining Association Rule Based on Cloud Computing},
 booktitle = {International Conference on Business Computing and Global Informatization (BCGIN '11)},
 year = {2011},
 //isbn = {978-0-7695-4464-9},
 pages = {475-478},}
 //publisher = {IEEE Computer Society},
 //address = {Washington, DC, USA} }

@inproceedings{Lin09,
  author = {Lin, Kawuu W. and Luo, Yu-Chin},
  booktitle = {IEEE International Conference on Granular Computing},
  pages = {398-403},
  //publisher = {IEEE},
  title = {A fast parallel algorithm for discovering frequent patterns},
  year = 2009  }

@book{Lin10,
  author = {Jimmy Lin and Chris Dyer},
  booktitle = {Data-Intensive Text Processing with {MapReduce}},
  publisher = {Morgan and Claypool Publishers},
  series = {Synthesis Lectures on Human Language Technologies},
  Edtition = {1st},
  title = {Data-Intensive Text Processing with {MapReduce}},
  year = 2010}

@Article{Lin13,
    Title = {{MapReduce} Is Good Enough?},
    Author = {Jimmy Lin},
    Journal = {{Big Data}},
    Year    = {2013},
    Volume  = {1},
    Number  = {1},
    Pages   = {BD28--BD37}}

@article{Liu13,
  author = {Liu, Yang and Li, Maozhen and Alham, Nasullah Khalid and Hammoud, Suhel},
  journal = FGCS,
  number = 1,
  pages = {300-308},
  title = {HSim: A {MapReduce} simulator in enabling Cloud Computing},
  volume = 29,
  year = 2013}

@inproceedings{Liy11,
 author = {Liyang, Tang and Zhiwei, Ni and Zhangjun, Wu and Li, Wang},
 title = {A Conceptual Framework for Business Intelligence as a Service (SaaS BI)},
 booktitle = {4th International Conference on Intelligent Computation Technology and Automation ({ICICTA} '11)},
 year = {2011},
 //isbn = {978-0-7695-4353-6},
 pages = {1025-1028},}
 //publisher = {IEEE Computer Society},
 //address = {Washington, DC, USA} }

@incollection{Llo10,
  author = {Llorà, Xavier and Verma, Abhishek and Campbell, Roy H. and Goldberg, David E.},
  booktitle = {Parallel and Distributed Computational Intelligence},
  editor = {de Vega, Francisco Fernández and Cantú-Paz, Erick},
  pages = {11-41},
  publisher = {Springer},
  series = {Studies in Computational Intelligence},
  title = {When Huge Is Routine: Scaling Genetic Algorithms and Estimation of Distribution Algorithms via Data-Intensive Computing},
  volume = 269,
  year = 2010}

@article{Lopez2014,
    author = {Victoria L\'opez and Sara R\'io and Jos\'e Manuel Ben\'itez and Francisco Herrera},
    title = {Cost-sensitive linguistic fuzzy rule based classification systems under the {MapReduce} framework for imbalanced {Big Data}},
    journal = {Fuzzy Sets and Systems},
    year = {2015},
    Volume  = {258},
    Pages   = {5-38}}

@techreport{laney01controlling3v,
  author = {Laney, Douglas},
  Institution = {META Group},
  month = {February},
  title = {{3D} Data Management: Controlling Data Volume, Velocity, and Variety},
  url = {http://blogs.gartner.com/doug-laney/files/2012/01/ad949-3D-Data-Management-Controlling-Data-Volume-Velocity-and-Variety.pdf},
  year = 2001
}

@proceedings{Los09,
   author = {Loser, Alexander and Hueske, Fabian and Markl, Volker},
   affiliation = {Database System and Information Management Group, TU Berlin, Berlin, Germany},
   title = {Situational Business Intelligence},
   booktitle = {Business Intelligence for the Real-Time Enterprise},
   series = {LNBIP},
   editor = {Castellanos, Malu and Dayal, Umesh and Sellis, Timos and Aalst, Wil and Mylopoulos, John and Rosemann, Michael and Shaw, Michael J. and Szyperski, Clemens},
   publisher = {Springer Berlin Heidelberg},
   isbn = {978-3-642-03422-0},
   pages = {1-11},
   volume = {27},
   year = {2009}   }

@article{Lu12,
  author = {Lu, Wei and Shen, Yanyan and Chen, Su and Ooi, Beng Chin},
  journal = PVLDB,
  number = 10,
  pages = {1016-1027},
  title = {Efficient Processing of k Nearest Neighbor JoInformation Sciences using {MapReduce}},
  volume = 5,
  year = 2012
}

@article{Mad12,
  author = {Madden, Sam},
  journal = IEEE_M_IC,
  number = 3,
  pages = {4-6},
  title = {From Databases to {Big Data}},
  volume = 16,
  year = 2012  }

@ARTICLE{Mag13,
author={Magoulès, F. and Zhao, H.-X. and Elizondo, D.},
title={Development of an RDP neural network for building energy consumption fault detection and diagnosis},
journal={Energy and Buildings},
year={2013},
volume={62},
pages={133-138},
}

@inproceedings{malewicz10,
  //address = {New York, NY, USA},
  author = {Malewicz, Grzegorz and Austern, Matthew H. and Bik, Aart J.C and Dehnert, James C. and Horn, Ilan and Leiser, Naty and Czajkowski, Grzegorz},
  booktitle = {2010 ACM SIGMOD International Conference on Management of data},
  //isbn = {978-1-4503-0032-2},
  //location = {Indianapolis, Indiana, USA},
  pages = {135-146},
  //publisher = {ACM},
  series = {SIGMOD '10},
  title = {Pregel: a system for large-scale graph processing},
  year = 2010}

@article{March07,
    author={March,S. T. and Hevner,A. R.},
    year={2007},
    title={Integrated decision support systems: A data warehousing perspective},
    journal={Decis. Support Syst.},
    volume={43},
    number={3},
    pages={1031-1043}}

@Book{Mar14,
    Title   = {Giraph in Action},
    Author  = {Claudio Martella and Roman Shaposhnik and Dionysios Logothetis},
    Publisher   = {Manning},
    Edition = {1st},
    Year    = {2014}}

@ARTICLE{Marx2013255,
    author={Marx, V.},
    title={The big challenges of {Big Data}},
    journal={Nature},
    year={2013},
    volume={498},
    number={7453},
    pages={255-260}
}

@Article{Matt13,
    Title   = {Computing: A vision for data science},
    Author  = {Chris A. Mattmann},
    Journal = {Nature},
    Volume  = {493},
    Pages   = {473-475},
    Year    = {2013}}

@article{Mee12,
  author = {Meena, M. Janaki and Chandran, K. R. and Karthik, A. and Samuel, A. Vijay},
  journal = {Expert Systems with Applications},
  number = 5,
  pages = {5861-5871},
  title = {An enhanced ACO algorithm to select features for text categorization and its parallelization},
  volume = 39,
  year = 2012}

@article{Mel11,
    title = {The {NIST} Definition of Cloud Computing ( Draft ) Recommendations of the National Information Sciencestitute of Standards and Technology},
    volume = {145},
    url = {http://csrc.nist.gov/publications/drafts/800-145/Draft-SP-800-145\_cloud-definition.pdf},
    number = {6},
    journal = {NIST Special Publication},
    publisher = {National Information Sciencestitute of Standards and Technology, Information Technology Laboratory},
    author={Mell, Peter and Grance, Timothy},
    year={2011}    }

@Article{Melnik10,
    Author  ={S. Melnik and A. Gubarev and J.J. Long and G. Romer and S. Shivakumar and M. Tolton and T. Vassilakis},
    Year    = {2010},
    Title   = {Dremel: interactive analysis of web-scale datasets},
    JOurnal   = PVLDB,
    Volume  = {3},
    NUmber  = {1-2},
    Pages   = {330-339}}

@inproceedings{McN07,
  author = {McNabb, Andrew W. and Monson, Christopher K. and Seppi, Kevin D.},
  booktitle = {IEEE Congress on Evolutionary Computation},
  pages = {7-14},
  publisher = {IEEE},
  title = {Parallel PSO using {MapReduce}},
  year = 2007  }

@Book{Min13,
    Title  = {{Big Data}, Big Analytics: Emerging Business Intelligence and Analytic Trends for Today's Businesses},
    Author = {Michael Minelli and Michele Chambers and Ambiga Dhiraj},
    Publisher = {Wiley},
    edition = {1st},
    Year    = {2013}}

@Article{Mir12,
  Author = {M. Mircea and B. Ghilic-Micu and M. Stoica},
  Year = {2011},
  Title = {Combining Business Intelligence with Cloud Computing to Delivery Agility in Actual Economy},
  Journal = {Journal of Economic Computation and Economic Cybernetics Studies and Research},
  Volume = {45},
  Number    = {1},
  Pages = {1-10}  }

@book{murty08,
  author = {Murty, James},
  publisher = {O'Reilly},
  Address = {Sebastopol, CA, United States},
  Edition = {First},
  title = {Programming Amazon web services - S3, EC2, SQS, FPS, and SimpleDB: outsource your infrastructure},
  year = 2008}

@Book{Nadipalli13,
    Author = {Rajesh Nadipalli},
    Title   = {HDInformation Sciencesight Essentials},
    Year    = {2013},
    Edition = {First},
    Publisher   = {PACKT Publishing},
    Address = {Birmingham, United Kingdom}}

@Article{Neg04,
    Author = {S. Negash and P. Gray},
    Title = {Business Intelligence},
    Journal = {Communications of the Association for Information Systems},
    Volume = {13},
    Pages = {177-195},
    Year = {2004}    }

@InProceedings{Neu10,
    Author   = {Leonardo Neumeyer and Bruce RobbInformation Sciences and Anish Nair and Anand Kesari},
    Title   = {S4: distributed stream computing platform},
    BookTitle   = {2010 IEEE Data Mining Workshops (ICDMW)},
    Year    = {2010},
    Pages   = {170-177}}

@inproceedings{Okcan11,
  author = {Okcan, Alper and Riedewald, Mirek},
  booktitle = {SIGMOD Conference},
  editor = {Sellis, Timos K. and Miller, Renée J. and Kementsietsidis, Anastasios and Velegrakis, Yannis},
  pages = {949-960},
  //publisher = {ACM},
  title = {Processing theta-joInformation Sciences using {MapReduce}},
  year = 2011}

@inproceedings{Ols08,
  author = {Olston, Christopher and Reed, Benjamin and Srivastava, Utkarsh and Kumar, Ravi and TomkInformation Sciences, Andrew},
  booktitle = {2008 ACM SIGMOD International Conference on Management of data (SIGMOD '08)},
  //isbn = {978-1-60558-102-6},
  //location = {Vancouver, Canada},
  pages = {1099-1110},
  //publisher = {ACM},
  title = {Pig latin: a not-so-foreign language for data processing},
  year = 2008  }

@Book{oneil13,
    Title   = {Doing Data Science},
    Author  = {Cathy O'Neil and Rachel Schutt},
    Publisher   = {O'Reilly Media},
    Edition = {1st},
    Year    = {2013}}

@inproceedings{Ora10,
  author = {d'Orazio, Laurent and Bimonte, Sandro},
  booktitle = {Globe},
  //editor = {Hameurlain, Abdelkader and Morvan, Franck and Tjoa, A Min},
  //isbn = {978-3-642-15107-1},
  pages = {26-37},
  //publisher = {Springer},
  series = {LNCS},
  title = {Multidimensional Arrays for Warehousing Data on Clouds},
  volume = 6265,
  year = 2010  }

@InProceedings{Ouf11,
  Title = {Business Intelligence in the Cloud},
  Author = {S. Ouf and M. Nasr},
  BookTitle = {{IEEE} 3rd International Conference on Communication Software and Networks ({ICCSN2011})},
  Year = {2011},
  Pages = {650-655},}
  //Location = {Xi'an, China},
  //ISBN = {978-1-61284-485-5}  }

@InProceedings{Ouf11b,
    Author = {Shimaa Ouf and Mona Nasr and Mohamed Amr and Mohamed Mosaad and Khaled Kamal and Fatma mostafa and Rehab Said and She rook Mohamed},
    title  = {Business Intelligence Software As A Service (SaaS)},
    BookTitle = {2011 IEEE 3rd International Conference on Communication Software and Networks ({ICCSN})},
    Pages  = {641-649},
    //Location = {Xi'an, China},
    Year   = {2011}    }

@book{Owe11,
  author = {Owen, Sean and Anil, Robin and Dunning, Ted and Friedman, Ellen},
  edition = {1st},
  publisher = {Manning Publications Co.},
  title = {Mahout in Action},
  year = 2011}

@article{Pal12,
  author = {Palit, Indranil and Reddy, Chandan K.},
  journal = IEEE_J_KDE,
  number = 10,
  pages = {1904-1916},
  title = {Scalable and Parallel Boosting with {MapReduce}},
  volume = 24,
  year = 2012}

@article{pan12,
title={Parallel Programming on Cloud Computing Platforms - Challenges and Solutions},
author={Pan, Yi and Zhang, Junbo},
journal={Journal of Convergence},
volume={3},
number={4},
pages={23-28},
year={2012}}

@Article{Pap07,
    Title = {Service oriented architectures: Approaches, technologies and research issues},
    author = {Papazoglou, M.P. and Van Den Heuvel, W.-J.},
    Year = {2007},
    Journal = {VLDB J.},
    Volume = {16},
    Number = {3},
    Pages = {389-415}    }

@article{park2013parallel,
title={Parallel computation of skyline and reverse skyline queries using {MapReduce}},
author={Park, Yoonjae and Min, Jun-Ki and Shim, Kyuseok},
journal=PVLDB,
volume={6},
number={14},
pages={2002-2013},
year={2013},
publisher={VLDB Endowment}}

@ARTICLE{Patcha07,
author={Patcha, A. and Park, J.-M.},
title={An overview of anomaly detection techniques: Existing solutions and latest technological trends},
journal={Computer Networks},
year={2007},
volume={51},
number={12},
pages={3448-3470}}

@inproceedings{pavlo09,
  //address = {New York, NY, USA},
  author = {Pavlo, Andrew and Paulson, Erik and Rasin, Alexander and Abadi, Daniel J. and DeWitt, David J. and Madden, Samuel and Stonebraker, Michael},
  booktitle = {2009 ACM SIGMOD International Conference on Management of data},
  //isbn = {978-1-60558-551-2},
  //location = {Providence, Rhode Island, USA},
  pages = {165-178},
  //publisher = {ACM},
  series = {SIGMOD '09},
  title = {A comparison of approaches to large-scale data analysis},
  year = 2009}

@Book{Peltier03,
    Author  = {Peltier, T. R. and Peltier, J. and Blackley, J. A.},
    Year    = {2005},
    Title   = {Information security fundamentals},
    Address = {Boca Raton, Florida},
    Publisher   = {Auerbach Publications}}

@article{Plimpton11,
  author = {Plimpton, Steven J. and Devine, Karen D.},
  journal = {Parallel Comput.},
  number = 9,
  pages = {610-632},
  title = {{MapReduce} in MPI for Large-scale graph algorithms},
  volume = 37,
  year = 2011}

@misc{plummer2008,
    author = "D. Plummer and T. Bittman and T. Austin and D. Cearley and D. Smith. Cloud",
    year = "2008",
    title = "Defining and describing an emerging phenomenon. {Technical} report, {Gartner}"}

@inProceedings{Por11,
   author = {Porf\'irio, Jos\'e Ant\'onio and Santos, João Correia},
   title = {Business Intelligence as a Service - Strategic Tool for Competitiveness},
   booktitle = {ENTERprise Information Systems},
   series = {Communications in Computer and Information Science},
   //editor = {Cruz-Cunha, Maria Manuela and Varajão, João and Powell, Philip and Martinho, Ricardo},
   //publisher = {Springer Berlin Heidelberg},
   //isbn = {978-3-642-24358-5},
   pages = {106-117},
   volume = {219},
   year = {2011}   }

@ARticle{Provost13,
    Author  = {F. Provost and T. Fawcett},
    Year    = {2013},
    Title   = {Data Science And Its Relationship To {Big Data} And Data-Driven Decision Making},
    JOurnal = {{Big Data}},
    Volume  = {1},
    Number  = {1},
    Pages   = {51-59}}

@Book{ProBook13,
    Title   = {Data Science for Business. What you need to know about data mining and data-analytic thinking},
    Author  = {Foster Provost and Tom Fawcett},
    Publisher = {O'Reilly Media},
    Edition = {1st},
    Year    = {2013}}

@ARTICLE{Qiao10,
author={Qiao, S. and Li, T. and Peng, J. and Qiu, J.},
title={Parallel sequential pattern mining of massive trajectory data},
journal={International Journal of Computational Intelligence Systems},
year={2010},
volume={3},
number={3},
pages={343-356}}

@InProceedings{Ranger07,
    Author  = {C. Ranger and R. Raghuraman and A. Penmetsa and G. Bradski and C. Kozyrakis},
    Title   = {Evaluating {MapReduce} for Multi-Core and Multiprocessor Systems},
    BookTitle   = {IEEE 13th International Symposium on High Performance Computer Architecture (HPCA)},
    Year    = {2007},
    Pages   = {1-6}}

@Article{Rio14,
    Author  = {S. R\'io and V. L\'opez and J.M. Ben\'itez and F. Herrera},
    Title   = {On the use of {MapReduce} for Imbalanced {Big Data} using Random Forest},
    Journal = {Information Sciences},
    Volume  = {285},
    Pages   = {112-137},
    Year    = {2014}}

@article{Rot80,
  author = {Rothnie, James B. Jr. and Bernstein, Philip A. and Fox, Stephen and Goodman, Nathan and Hammer, Michael and Landers, Terry A. and Reeve, Christopher L. and Shipman, David W. and Wong, Eugene},
  journal = {ACM Trans. Database Syst.},
  number = 1,
  pages = {1-17},
  title = {Introduction to a System for Distributed Databases (SDD-1)},
  volume = 5,
  year = 1980}

@book{rsh11,
  booktitle = {Recommender Systems Handbook},
  editor = {Ricci, Francesco and Rokach, Lior and Shapira, Bracha and Kantor, Paul B.},
  publisher = {Springer},
  title = {Recommender Systems Handbook},
  year = 2011}

@ARticle{Sakr11,
    Author  = {Sherif Sakr and Anna Liu and Daniel M. Batista and Mohammad Alomari},
    Year    = {2011},
    Title   = {A Survey of Large Scale Data Management Approaches in Cloud Environments},
    JOurnal = {IEEE Communications and Tutorials},
    Volume  = {13},
    Number  = {3},
    Pages   = {311-336}}

@incollection{Schafer07,
 author = {Schafer, J. Ben and Frankowski, Dan and Herlocker, Jon and Sen, Shilad},
 title = {Collaborative Filtering Recommender Systems},
 booktitle = {The Adaptive Web},
 editor = {Brusilovsky, Peter and Kobsa, Alfred and Nejdl, Wolfgang},
 year = {2007},
 pages = {291-324},
 publisher = {Springer-Verlag},
 address = {Berlin, Heidelberg},
}

@article{Schatz09,
  author = {Schatz, Michael C.},
  journal = {Bioinformatics},
  number = 11,
  pages = {1363-1369},
  title = {CloudBurst: highly sensitive read mapping with {MapReduce}},
  volume = 25,
  year = 2009}

@article{Schonherr12,
  author = {Schönherr, Sebastian and Forer, Lukas and Weißensteiner, Hansi and Kronenberg, Florian and Specht, Günther and Kloss-Brandstätter, Anita},
  journal = {BMC Bioinformatics},
  pages = 200,
  title = {Cloudgene: A graphical execution platform for {MapReduce} programs on private and public clouds},
  volume = 13,
  year = 2012}

@incollection{Ser12,
  year={2012},
  booktitle={Software and Network Engineering},
  volume={413},
  series={Studies in Computational Intelligence},
  editor={Lee, Roger},
  title={Cloud Computing for Business},
  publisher={Springer Berlin Heidelberg},
  author={Seruga, Jan and Hwang, HaJin},
  pages={119-132}  }

@article{Sev12,
  author = {Severance, Charles},
  journal = {IEEE Comp.},
  number = 4,
  pages = {6-8},
  title = {Discovering JavaScript Object Notation},
  volume = 45,
  year = 2012  }

@inproceedings{sha96,
  author = {Shafer, J. and Agrawal, R. and Mehta, M.},
  booktitle = {22th International Conference on Very Large Data Bases (VLDB '96)},
  pages = {544-555},
  title = {SPRINT: A Scalable Parallel Classifier for Data Mining},
  year = 1996}

@Book{Sha00,
    Author = {Shaw, Robert and Reed, David},
    Title = {Measuring and Valuing Customer Relationships},
    Year = {2000},
    Publisher = {Business Intelligence Ltd}}

@Book{She01,
    Author = {Sheilds, Mureell G.},
    Title = {E-Business and ERP: Rapid Implementation and Project Planning},
    Year = {2001},
    Publisher = {John Wiley and Sons, Inc}    }

@article {She11,
   author = {Shen, Chia-Ping and Jigjidsuren, Chinburen and Dorjgochoo, Sarangerel and Chen, Chi-Huang and Chen, Wei-Hsin and Hsu, Chih-Kuo and Wu, Jin-Ming and Hsueh, Chih-Wen and Lai, Mei-Shu and Tan, Ching-Ting and Altangerel, Erdenebaatar and Lai, Feipei},
   title = {A Data-Mining Framework for Transnational Healthcare System},
   journal = JMS,
   publisher = {Springer Netherlands},
   issn = {0148-5598},
   Year = {2011},
   pages = {1-11}   }

@article{Schlieski12,
  author = {Schlieski, Tawny and Johnson, Brian David},
  journal = {Proceedings of the IEEE},
  number = {Centennial-Issue},
  pages = {1404-1408},
  title = {Entertainment in the Age of {Big Data}},
  volume = 100,
  year = 2012}

@Book{Sch13,
    Author  = {Kevin Schmidt and Christopher Phillips},
    Title   = {Programming Elastic {MapReduce}},
    Publisher   = {O'Reilly},
    Edition = {First},
    Year    = {2013},
    Address = {Sebastopol, CA, United States}}

@incollection{shim2012data,
title={Data management challenges and opportunities in cloud computing},
author={Shim, Kyuseok and Cha, Sang Kyun and Chen, Lei and Han, Wook-Shin and Srivastava, Divesh and Tanaka, Katsumi and Yu, Hwanjo and Zhou, Xiaofang},
booktitle={17th International Conference on Database Systems for Advanced Applications (DASFAA'2012)},
Series={LNCS},
Volume={7239},
pages={323-323},
year={2012},
publisher={Springer Berlin Heidelberg}}

@article{shim2012{MapReduce},
title={{MapReduce} algorithms for {Big Data} analysis},
author={Shim, Kyuseok},
journal= {Very Large Data Bases Journal},
volume={5},
number={12},
pages={2016-2017},
year={2012},
publisher={VLDB Endowment}}

@article{Slagter13,
  author = {Slagter, Kenn and Hsu, Ching-Hsien and Chung, Yeh-Ching and Zhang, Daqiang},
  journal = {The Journal of Supercomputing},
  number = 1,
  pages = {539-555},
  title = {An improved partitioning mechanism for optimizing massive data analysis using {MapReduce}},
  volume = 66,
  year = 2013}

@book{snir98,
 author = {M. Snir and S. Otto},
 title = {{MPI}-The Complete Reference: The {MPI} Core},
 year = {1998},
 publisher = {MIT Press}}

@article{Srirama12,
  author = {Srirama, Satish Narayana and Jakovits, Pelle and Vainikko, Eero},
  journal = FGCS,
  number = 1,
  pages = {184-192},
  title = {Adapting scientific computing problems to clouds using {MapReduce}},
  volume = 28,
  year = 2012}

@article{Srinivasan12,
  author = {Srinivasan, Ashwin and Faruquie, Tanveer A. and Joshi, Sachindra},
  journal = ML,
  number = 1,
  pages = {141-168},
  title = {Data and task parallelism in ILP using {MapReduce}},
  volume = 86,
  year = 2012}

@Book{Sta12,
    Author  = {Jeffrey Stanton},
    Title   = {Introduction to Data Sciences},
    Publisher   = {Syracuse University},
    Year    = {2012},
    Edition = {1st}}

@Article{Stone10,
    Author  = {M. Stonebraker and D. Abadi and D.~J. DeWitt and S. Madden and E. Paulson and A. Pavlo and A. Rasin},
    Year    = {2010},
    Title   = {{MapReduce} and parallel DBMSs: friends or foes?},
    JOurnal = {Communications of the ACM},
    Volume  = {53},
    Number  = {1},
    Pages   = {64-71}}

@inproceedings{Stu11,
  author = {Stuart, Jeff A. and Owens, John D.},
  booktitle = {25th IEEE International Parallel and Distributed Processing Symposium (IPDPS'11)},
  pages = {1068-1079},
  title = {Multi-{GPU} {MapReduce} on {GPU} Clusters},
  year = 2011}

@article{swan13,
  title={Application of Machine Learning to Proteomics Data: Classification and Biomarker Identification in Postgenomics Biology},
  author={Swan, Anna Louise and Mobasheri, Ali and Allaway, David and Liddell, Susan and Bacardit, Jaume},
  journal={Omics: a Journal of Integrative Biology},
  volume={17},
  number={12},
  pages={595--610},
  year={2013},
  publisher={Mary Ann Liebert, Inc. 140 Huguenot Street, 3rd Floor New Rochelle, NY 10801 USA}}

@Book{Tan06,
    Author  = {P.-N. Tan and M. Steinbach and V. Kumar},
    Title   = {Introduction to Data Mining},
    Publisher   = {Pearson},
    Year    = {2006}}

@Article{Taylor10,
    Author  = {Taylor, R. C.},
    Year    = {2010},
    Title   = {An overview of the Hadoop/{MapReduce}/HBase framework and its current applications in bioinformatics},
    JOurnal = {BMC Bioinformatics},
    Volume  = {11},
    Number  = {S-12},
    Pages   = {S1}}

@article{Thu09,
  author = {Thusoo, Ashish and Sarma, Joydeep Sen and Jain, Namit and Shao, Zheng and Chakka, Prasad and Anthony, Suresh and Liu, Hao and Wyckoff, Pete and Murthy, Raghotham},
  journal = {Journal of Very Large DataBases},
  number = 2,
  pages = {1626-1629},
  title = {Hive - A Warehousing Solution Over a Map-Reduce Framework},
  volume = 2,
  year = 2009  }

@inproceedings{Tu08,
  author = {Tu, Tiankai and Rendleman, Charles A. and Borhani, David W. and Dror, Ron O. and Gullingsrud, Justin and Jensen, Morten Ø. and Klepeis, John L. and Maragakis, Paul and Miller, Patrick J. and Stafford, Kate A. and Shaw, David E.},
  booktitle = {ACM/IEEE Conference on Supercomputing (SC'08)},
  pages = {1-12},
  //publisher = {IEEE/ACM},
  title = {A scalable parallel framework for analyzing terascale molecular dynamics simulation trajectories},
  year = 2008}

@inproceedings{Upm10,
  author = {Upmanyu, Maneesh and Namboodiri, Anoop M. and Srinathan, Kannan and Jawahar, C. V.},
  booktitle = {Pacific Asia Workshop on Intelligence and Security Informatics},
  //editor = {Chen, Hsinchun and Chau, Michael and Li, Shu-Hsing and Urs, Shalini R. and Srinivasa, Srinath and Wang, G. Alan},
  //isbn = {978-3-642-13600-9},
  pages = {154-166},
  //publisher = {Springer},
  series = {LNCS},
  title = {Efficient Privacy Preserving K-Means Clustering},
  volume = 6122,
  year = 2010  }

@article{valiant90,
  author = {Valiant, Leslie G.},
  journal = {Communications of the {ACM}},
  number = 8,
  pages = {103-111},
  title = {A Bridging Model for Parallel Computation},
  volume = 33,
  year = 1990}

@article{Vaq09,
 author = {Vaquero, Luis M. and Rodero-Merino, Luis and Caceres, Juan and Lindner, Maik},
 title = {A break in the clouds: towards a cloud definition},
 journal = {SIGCOMM Comput. Commun. Rev},
 issue_date = {January 2009},
 volume = {39},
 number = {1},
 month = {dec},
 year = {2008},
 issn = {0146-4833},
 pages = {50--55},
 numpages = {6},
 acmid = {1496100},
 publisher = {ACM},
 address = {New York, NY, USA},
 keywords = {cloud computing, cloud definition, grid}}

@inCollection{Vas11,
  author = {Vassiliadis, Panos},
  booktitle = {Integrations of Data Warehousing, Data Mining and Database Technologies},
  editor = {Taniar, David and Chen, Li},
  pages = {171-199},
  publisher = {Information Science Reference},
  title = {A Survey of Extract-Transform-Load Technology},
  year = 2011  }

@Book{Vel10,
    Title = {Cloud Computing: A Practical Approach},
    Editor = {Anthony T. Velte and Toby J. Velte and Robert Elsenpeter},
    Publisher = {McGraw Hill},
    Year = {2010}    }

@article{Ven12,
  author = {Venters, Will and Whitley, Edgar A},
  journal = {J. Inform. Techonol.},
  number = 3,
  pages = {179-197},
  title = {A critical review of cloud computing: researching desires and realities},
  volume = 27,
  year = 2012}

@inproceedings{Wan08,
  author = {Wang, Jing and Liu, Zhijing},
  booktitle = {5th International Conference on Fuzzy Systems and Knowledge Discovery (FSKD)},
  //editor = {Ma, Jun and Yin, Yilong and Yu, Jian and Zhou, Shuigeng},
  pages = {358-362},
  //publisher = {IEEE Computer Society},
  title = {Parallel Data Mining Optimal Algorithm of Virtual Cluster},
  year = 2008  }

@article{Wang13,
  author = {Wang, Pengyao and Wang, Jianqin and Chen, Ying and Ni, Guangyuan},
  journal = FGCS,
  number = 8,
  pages = {1963-1968},
  title = {Rapid processing of remote sensing images based on cloud computing},
  volume = 29,
  year = 2013}

@ARTICLE{WangBio13,
author={Wang, Y. and Goh, W. and Wong, L. and Montana, G.},
title={Random forests on Hadoop for genome-wide association studies of multivariate neuroimaging phenotypes},
journal={BMC Bioinformatics},
year={2013},
volume={14},
number={SUPPL16},
art_number={S6},}

@article{War11,
  author = {Warneke, Daniel and Kao, Odej},
  journal = IEEE_J_PDS,
  number = 6,
  pages = {985-997},
  title = {Exploiting Dynamic Resource Allocation for Efficient Parallel Data Processing in the Cloud},
  volume = 22,
  year = 2011  }

@article{watson07,
    author={Watson,H. J. and Wixom, B. H.},
    year={2007},
    title={The current state of business intelligence},
    journal={Computer},
    volume={40},
    number={9},
    pages={96-99}}

@misc{WAz12,
    Author = {Microsoft},
    Title = {Windows Azure},
    Url  = {http://www.windowsazure.com/},
    Year = {2012}    }

@inproceedings{Wegener09,
  author = {Wegener, Dennis and Mock, Michael and Adranale, Deyaa and Wrobel, Stefan},
  booktitle = {IEEE International Conference on Data Mining Workshops},
  //editor = {Saygin, Yücel and Yu, Jeffrey Xu and Kargupta, Hillol and Wei, Wang and Ranka, Sanjay and Yu, Philip S. and Wu, Xindong},
  pages = {296-301},
  //publisher = {IEEE Computer Society},
  title = {Toolkit-Based High-Performance Data Mining of Large Data on {MapReduce} Clusters},
  year = 2009}

@Book{Whi15-Hadoop,
    Author = {White, Tom},
    Year = {2015},
    Title = {Hadoop: The Definitive Guide},
    Edition  = {4th},
    Publisher  = {O'Reilly Media}    }

@inproceedings{Whi10,
 author = {White, Brandyn and Yeh, Tom and Lin, Jimmy and Davis, Larry},
 title = {Web-scale computer vision using {MapReduce} for multimedia data mining},
 booktitle = {Proceedings of the Tenth International Workshop on Multimedia Data Mining},
 series = {MDMKDD '10},
 year = {2010},
 //location = {Washington, D.C},
 pages = {9:1--9:10}}
 //publisher = {ACM},
 //address = {New York, NY, USA} }

@book{Wise12,
  address = {Amsterdam},
  author = {Wise, Lyndsay},
  publisher = {Morgan Kaufmann},
  title = {Using Open Source Platforms for Business Intelligence},
  year = 2012}

@BOOK{Witten11,
  title = {Data Mining: Practical Machine Learning Tools and Techniques},
  publisher = {Morgan Kaufmann},
  year = {2011},
  author = {Ian H. Witten and Eibe Frank and M. A. Hall},
  pages = {560},
  series = {Morgan Kaufmann Series in Data Management Systems}}

@ARTICLE{Woo13,
author={Woo, J.},
title={Market Basket Analysis algorithms with {MapReduce}},
journal={WIREs Data Mining and Knowledge Discovery},
year={2013},
volume={3},
number={6},
pages={445-452}}

@inproceedings{Wu10,
  author = {Wu, Zhangjun and Ni, Zhiwei and Gu, Lichuan and Liu, Xiao},
  booktitle = {Computational Intelligence and Security},
  editor = {Liu, Muren and Wang, Yuping and Guo, Ping},
  //isbn = {978-1-4244-9114-8},
  pages = {184-188},
  //publisher = {IEEE},
  title = {A Revised Discrete Particle Swarm Optimization for Cloud Workflow Scheduling},
  year = 2010  }

@inproceedings{Wu11,
  author = {Wu, Zhiang and Cao, Jie and Fang, Changjian},
  booktitle = {Agents and Data Mining Interaction},
  //editor = {Cao, Longbing and Bazzan, Ana L. C. and Symeonidis, Andreas L. and Gorodetsky, Vladimir and Weiss, Gerhard and Yu, Philip S},
  //isbn = {978-3-642-27608-8},
  pages = {316-330},
  //publisher = {Springer},
  series = {LNCS},
  title = {Data Cloud for Distributed Data Mining via Pipelined {MapReduce}},
  volume = 7103,
  year = 2011  }


@article{Xiao14,
  author = {Xiao, Zhifeng and Xiao, Yang},
  journal = FGCS,
  pages = {1-13},
  title = {Achieving Accountable {MapReduce} in cloud computing},
  volume = 30,
  year = 2014}

@inproceedings{Xu09,
  author = {Xu, Meng and Gao, Dan and Deng, Chao and Luo, Zhiguo and Sun, Shaoling},
  booktitle = {CloudCom},
  //editor = {Jaatun, Martin Gilje and Zhao, Gansen and Rong, Chunming},
  //isbn = {978-3-642-10664-4},
  pages = {224-231},
  //publisher = {Springer},
  series = {LNCS},
  title = {Cloud Computing Boosts Business Intelligence of Telecommunication Industry},
  volume = 5931,
  year = 2009  }

@book{XuBook09,
 author = {Xu, Rui and Wunsch, Don},
 title = {Clustering},
 year = {2009},
 Edition = {1st},
 publisher = {Wiley-IEEE Press},
}

@inproceedings{Yan07,
  author = {Yang, Hung and Dasdan, Ali and Hsiao, Ruey-Lung and Parker, D. Stott},
  booktitle = {2007 ACM SIGMOD International Conference on Management of data (SIGMOD '07)},
  //isbn = {978-1-59593-686-8},
  //location = {Beijing, China},
  pages = {1029-1040},
  //publisher = {ACM},
  title = {Map-reduce-merge: simplified relational data processing on large clusters},
  year = 2007
  }

@inproceedings{Yan10,
  author = {Yang, Yong and Chen, Zhengrong and Liang, Zhu and Wang, Guoyin},
  booktitle = {Rough Sets and Knowledge Technology},
  //editor = {Yu, Jian and Greco, Salvatore and Lingras, Pawan and Wang, Guoyin and Skowron, Andrzej},
  //isbn = {978-3-642-16247-3},
  pages = {672-678},
  //publisher = {Springer},
  series = {LNCS},
  title = {Attribute Reduction for Massive Data Based on Rough Set Theory and {MapReduce}},
  volume = 6401,
  year = 2010  }

@ARTICLE{Yang13,
author={Yang, Y. and Rutayisire, T. and Lin, C. and Li, T. and Teng, F.},
title={An improved cop-kmeans clustering for solving constraint violation based on {MapReduce} framework},
journal={Fundamenta Informaticae},
year={2013},
volume={126},
number={4},
pages={301-318}}

@inproceedings{Yeh09,
  author = {Yeh, Peter Z. and Puri, Colin A. and Kass, Alex},
  booktitle = {International Conference on Tools with Artificial Intelligence},
  //isbn = {978-0-7695-3920-1},
  pages = {477-484},
  //publisher = {IEEE Computer Society},
  title = {Towards a Technology Platform for Building Corporate Radar Applications that Mine the Web for Business Information Sciencesight},
  year = 2009  }

@inproceedings{Ye09,
  author = {Ye, Jerry and Chow, Jyh-Herng and Chen, Jiang and Zheng, Zhaohui},
  booktitle = {Conference on Information and Knowledge Management},
  //editor = {Cheung, David Wai-Lok and Song, Il-Yeol and Chu, Wesley W. and Hu, Xiaohua and Lin, Jimmy J.},
  pages = {2061-2064},
  //publisher = {ACM},
  title = {Stochastic gradient boosted distributed decision trees},
  year = 2009}

@InProceedings{You08,
    Title = {Toward a Unified Ontology of Cloud Computing},
    BookTitle = {Grid Computing Environments Workshop, 2008 ({GCE'08})},
    Year = {2008},
    Author = {Youseff, L},
    //Location = {Univ. of California, Santa Barbara, Santa Barbara, CA, USA},
    //Editor = {Butrico, M. and Da Silva, D},
    Pages = {1-10}    }

@inproceedings{Yu08,
  author = {Yu, Yuan and Isard, Michael and Fetterly, Dennis and Budiu, Mihai and Erlingsson, Úlfar and Gunda, Pradeep Kumar and Currey, Jon},
  booktitle = {Operating systems design and implementation},
  //editor = {Draves, Richard and van Renesse, Robbert},
  //isbn = {978-1-931971-65-2},
  pages = {1-14},
  //publisher = {USENIX Association},
  title = {DryadLINQ: A System for General-Purpose Distributed Data-Parallel Computing Using a High-Level Language},
  year = 2008}

@InProceedings{Zaharia10,
    Author  = {Matei Zaharia and Mosharaf Chowdhury and Michael J. Franklin and Scott Shenker and Ion Stoica},
    Year    = {2010},
    Title   = {Spark: Cluster Computing with Working Sets},
    BookTitle   = {HotCloud 2010},
    Pages   = {1-7}}

@book{zhang02,
  author = {Zhang, Chengqi and Zhang, Shichao},
  publisher = {Springer Berlin / Heidelberg},
  title = {Association rule mining: models and algorithms},
  year = 2002}

@article{Zhang12,
  author = {Zhang, Junbo and rui Li, Tian and Ruan, Da and Gao, Zizhe and Zhao, Chengbing},
  journal = {Information Sciences},
  pages = {209-223},
  title = {A parallel method for computing rough set approximations},
  volume = {194},
  year = {2012}}

@article{Zhang14,
title = "A comparison of parallel large-scale knowledge acquisition using rough set theory on different {MapReduce} runtime systems ",
journal = IJAR,
volume = "55",
number = "3",
pages = "896-907",
year = "2014",
author = "Junbo Zhang and Jian-Syuan Wong and Tianrui Li and Yi Pan",}

@inproceedings{Zho10,
  author = {Zhou, Chi},
  booktitle = {GECCO},
  editor = {Pelikan, Martin and Branke, Jürgen},
  pages = {1113-1114},
  //publisher = {ACM},
  title = {Fast parallelization of differential evolution algorithm using {MapReduce}},
  year = 2010}

@ARTICLE{Zhou11,
author={Zhou, P. and Lei, J. and Ye, W.},
title={Large-scale data sets clustering based on {MapReduce} and Hadoop},
journal={Journal of Computational Information Systems},
year={2011},
volume={7},
number={16},
pages={5956-5963},}

@article{Zhou12,
  author = {Zhou, Jingren and Bruno, Nicolas and Wu, Ming-Chuan and Larson, Per-Åke and Chaiken, Ronnie and Shakib, Darren},
  journal = {Journal of Very Large DataBases},
  keywords = {dblp},
  number = 5,
  pages = {611-636},
  title = {{SCOPE:} parallel databases meet {MapReduce}},
  volume = 21,
  year = 2012}

@ARTICLE{Zig13,
author={Zigkolis, C. and Karagiannidis, S. and Koumarelas, I. and Vakali, A.},
title={Integrating similarity and dissimilarity notions in recommenders},
journal={Expert Systems with Applications},
year={2013},
volume={40},
number={13},
pages={5132-5147}}

@book{Ziko11,
  author = {Zikopoulos, Paul C. and Eaton, Chris and deRoos, Drik and Deutsch, Thomas and Lapis, George},
  title = {Understanding {Big Data} - Analytics for Enterprise Class Hadoop and Streaming Data},
  Publisher = {McGraw-Hill Osborne Media},
  Edition   = {1st},
  year = 2011}

@Article{Fer14,
    Author  = {A. Fern\'andez and S. R\'io and V. L\'opez and A. Bawakid and M.~J. del Jesus and J.M. Ben\'itez and F. Herrera},
    Title   = {{Big Data} with Cloud Computing: An Information Sciencesight on the Computing Environment, {MapReduce} and Programming Framework},
    Journal = {WIREs Data Mining and Knowledge Discovery},
    Volume  = {4},
    Number  = {5},
    Pages   = {380-409},
    Year    = 2014}

@BOOK{chi96,
    AUTHOR =  {Z. Chi and H. Yan and T. Pham},
    TITLE =  {Fuzzy algorithms with applications to image processing and pattern recognition},
    PUBLISHER =  {World Scientific},
    YEAR =  1996   }

@ARTICLE{ish01,
    AUTHOR = {H. Ishibuchi and T. Nakashima},
    TITLE = {Effect of Rule Weights in Fuzzy Rule-Based Classification Systems},
    JOURNAL = {{IEEE} Transactions on Fuzzy Systems},
    VOLUME = {9},
    NUMBER = {4},
    PAGES = {506-515},
    YEAR = 2001  }

@ARTICLE{Ish05,
    AUTHOR = {Hisao Ishibuchi and T. Yamamoto},
    TITLE = {Rule Weight Specification in Fuzzy Rule-Based Classification Systems},
    JOURNAL = IEEE_J_FUZZ,
    VOLUME = {13},
    PAGES = {428-435},
    YEAR = {2005}   }

@Article{Cor99,
    Author  = {O. Cord\'on, M.~J. del Jesus and F. Herrera},
    Title   = {A proposal on Reasoning Methods in Fuzzy Rule-Based Classification Systems},
    Journal = {International Journal of Approximate Reasoning},
    Volume  = {20},
    Number  = {1},
    Pages   = {21-45},
    Year    = {1999}}

@misc{Lichman:2013,
author = "M. Lichman",
year = "2013",
title = "{UCI} Machine Learning Repository",
url = "http://archive.ics.uci.edu/ml",
Institution = "University of California, Irvine, School of Information and Computer Sciences" }

@Article{lop13,
    author    = {Victoria L\'opez and Alberto Fern\'andez and Salvador Garc\'ia and Vasile Palade and Francisco Herrera},
    title     = {An Insight into classification with imbalanced data: Empirical results and current trends on using data intrinsic characteristics},
    Journal   = {Information Sciences},
    year      = {2013},
    Volume    = {250},
    Number    = {20},
    pages     = {113--141}}


@Article{rio15,
    Author  = {S. R\'io and V. L\'opez and J.~M. Ben\'itez and F. Herrera},
    Title   = {A {MapReduce} Approach to Address {Big Data} Classification Problems Based on the Fusion of Linguistic Fuzzy Rules},
    Journal = {International Journal of Computational Intelligence Systems},
    volume  = {8},
    Number  = {3},
    Year    = {2015},
    Pages   = {422-437}}

@Book{ish04a,
    Author = {H. Ishibuchi and T. Nakashima and M. Nii},
    Year = {2004},
    Title = {Classification and modeling with linguistic information granules: Advanced approaches to linguistic data mining},
    Publisher = {Springer-Verlag},
    Address  = {Berlin, Germany}}

@article{Gac11,
  author = {Gacto, Maria Jose and Alcal\'a, Rafael and Herrera, Francisco},
  journal = {Information Sciences},
  number = 20,
  pages = {4340-4360},
  title = {Interpretability of linguistic fuzzy rule-based systems: An overview of interpretability measures},
  volume = 181,
  year = 2011}

@Article{Cor00,
    Author = {O. Cord\'on and F. Herrera and P. Villar},
    Year = {2000},
    Title = {Analysis and guidelines to obtain a good fuzzy partition granularity for fuzzy rule-based systems using simulated annealing},
    Journal = {International Journal of Approximate Reasoning},
    Volume = {25},
    Number = {3},
    Pages = {187--215}}

@Article{Wal13,
    Author  = {M.~A. Waller and S.~E. Fawcett},
    Title   = {Data science, predictive analytics, and {Big Data}: a revolution that will transform supply chain design and management},
    Journal = {Journal of Business Logistics},
    Year    = {2013},
    Volume  = {34},
    Pages   = {77-84}}

@article{HongLW14,
  author = {Hong, Tzung-Pei and Lee, Yeong-Chyi and Wu, Min-Thai},
  journal = {Expert Syst. Appl.},
  number = 2,
  pages = {655-662},
  title = {An effective parallel approach for genetic-fuzzy data mining},
  volume = 41,
  year = 2014}

@article{IshibuchiMN13,
  author = {Ishibuchi, Hisao and Mihara, Shingo and Nojima, Yusuke},
  journal = {IEEE T. Fuzzy Systems},
  number = 2,
  pages = {355-368},
  title = {Parallel Distributed Hybrid Fuzzy GBML Models With Rule Set Migration and Training Data Rotation},
  volume = 21,
  year = 2013}
	
%Sara
	
@inproceedings{Bhagat2015-SMT-RF,
author={Bhagat, R.~C. and Patil, S.~S.},
title={Enhanced SMOTE algorithm for classification of imbalanced big-data using Random Forest},
booktitle={Souvenir of the 2015 IEEE International Advance Computing Conference, IACC 2015},
year={2015},
pages={403-408},
art_number={7154739}}

@inproceedings{Park2014-TrafficConf,
author={Park, S.~H. and Ha, Y.~G.},
title={Large imbalance data classification based on {MapReduce} for traffic accident prediction},
booktitle={Proceedings - 2014 8th International Conference on Innovative Mobile and Internet Services in Ubiquitous Computing, IMIS 2014},
year={2014},
pages={45-49},
art_number={6975440}}

@ARTICLE{Zhai2015-imb-ELM-MR,
author={Zhai, Junhai and Zhang, Sufang and Wang, Chenxi},
title={The classification of imbalanced large data sets based on {MapReduce} and ensemble of ELM classifiers},
journal={International Journal of Machine Learning and Cybernetics},
year={2015},
pages={1-9},
volume={},
}

@ARTICLE{Hu2014-SMT-BD,
author={Hu, F. and Li, H. and Lou, H. and Dai, J.},
title={A parallel oversampling algorithm based on {NRSBoundary}-{SMOTE}},
journal={Journal of Information and Computational Science},
year={2014},
volume={11},
number={13},
pages={4655-4665}}

@inproceedings{Ghanavati2014-ImbBD,
author={Ghanavati, M. and Wong, R.~K. and Chen, F. and Wang, Y. and Perng, C.-S.},
title={An effective integrated method for learning big imbalanced data},
booktitle={Proceedings - 2014 IEEE International Congress on {Big Data}, BigData Congress 2014},
year={2014},
pages={691-698},
art_number={6906846}}

@inproceedings{Jia2014-Sampling,
author={Jia, P. and Zhang, C. and He, Z.},
title={A new sampling approach for classification of imbalanced data sets with high density},
booktitle={2014 International Conference on {Big Data} and Smart Computing, BIGCOMP 2014},
year={2014},
pages={217-222},
art_number={6741439}}

@inproceedings{Wang2014-SVM-Imb,
author={Wang, X. and Liu, X. and Matwin, S.},
title={A distributed instance-weighted {SVM} algorithm on large-scale imbalanced datasets},
booktitle={Proceedings - 2014 IEEE International Conference on {Big Data}, IEEE {Big Data} 2014},
year={2014},
pages={45-51},
art_number={7004467}}

@ARTICLE{Park2016-TrafficBD,
author={Park, S.-H. and Kim, S.-M. and Ha, Y.-G.},
title={Highway traffic accident prediction using {VDS} {Big Data} analysis},
journal={Journal of Supercomputing},
year={2016},
volume={72},
pages={2815-2831},
}

@ARTICLE{Tang14-CS-BD,
author={Tang, M. and Yang, C. and Zhang, K. and Xie, Q.},
title={Cost-sensitive support vector machine using randomized dual coordinate descent method for big class-imbalanced data classification},
journal={Abstract and Applied Analysis},
year={2014},
volume={2014},
pages={416591:1-416591:9}}

@misc{Mahout16,
    Author = {{The Apache Software Foundation}},
  Title = {Mahout, an open source project which includes scalable machine learning algorithms},
  Year = {2016},
  url = {http://mahout.apache.org/}  }
	
@misc{Spark16,
    Author = {{The Apache Software Foundation}},
  Title = {Apache Spark},
  Year = {2016},
  url = {http://spark.apache.org/}  }

@InProceedings{triguero16-cec,
	Author = {I. Triguero and M. Galar and D. Merino and J. Maillo and H. Bustince and F. Herrera},
	Title	= {Evolutionary Undersampling for Extremely Imbalanced Big Data Classification under Apache Spark},
	BookTitle	= {{IEEE} Congress on Evolutionary Computation ({CEC 2016})}, 
	Address	= {Vancouver (Canada)}, 
	Pages	= {640-647}, 
	Year		= {2016}} 

@article{Triguero15-ROSEFW,
title = "ROSEFW-RF: The winner algorithm for the {ECBDL}'14 {Big Data} competition: An extremely imbalanced {Big Data} bioinformatics problem",
journal = "Knowledge-Based Systems ",
volume = "87",
number = "",
pages = "69-79",
year = "2015",
issn = "0950-7051",
author = "Isaac Triguero and Sara R\'io and Victoria L\'opez and Jaume Bacardit and Jos\'e M. Ben\'itez and Francisco Herrera",}

@article{Triguero12-DE,
title = "Integrating a differential evolution feature weighting scheme into prototype generation ",
journal = "Neurocomputing ",
volume = "97",
pages = "332 - 343",
year = "2012",
note = "",
issn = "0925-2312",
author = "Isaac Triguero and Joaqu\'in Derrac and Salvador Garc\'ia and Francisco Herrera"
}

@INPROCEEDINGS{Triguero15-CEC, 
author={I. Triguero and M. Galar and S. Vluymans and C. Cornelis and H. Bustince and F. Herrera and Y. Saeys}, 
booktitle={2015 IEEE Congress on Evolutionary Computation (CEC)}, 
title={Evolutionary undersampling for imbalanced {Big Data} classification}, 
year={2015}, 
pages={715-722}}

@ARTICLE{Galpert-Rio15-BDapp,
author={Galpert, D. and R\'io, S. and Herrera, F. and Ancede-Gallardo, E. and Antunes, A. and Agüero-Chapin, G.},
title={An Effective {Big Data} Supervised Imbalanced Classification Approach for Ortholog Detection in Related Yeast Species},
journal={BioMed Research International},
year={2015},
volume={2015},
art_number={748681}}

@INPROCEEDINGS{Rio15-OverSConf,
author={S. R\'io and J. M. Ben\'itez and F. Herrera},
booktitle={Trustcom/BigDataSE/ISPA, 2015 IEEE},
title={Analysis of Data Preprocessing Increasing the Oversampling Ratio for Extremely Imbalanced {Big Data} Classification},
year={2015},
volume={2},
pages={180-185}}

@Article{Pra15-ImbReview,
  Title                    = {Class imbalance revisited: a new experimental setup to assess the performance of treatment methods},
  Author                   = {Ronaldo C. Prati and Gustavo E. A. P. A. Batista and Diego F. Silva},
  Journal                  = {Knowledge and Information Systems},
  Year                     = {2015},
  Pages                    = {247-270},
  Volume                   = {45},
  Number                    = {1}}

@incollection{Ste16-FactorImb,
  author = {Stefanowski, Jerzy},
  booktitle = {Challenges in Computational Statistics and Data Mining},
  editor = {Matwin, Stan and Mielniczuk, Jan},
  publisher = {Springer},
  series = {Studies in Computational Intelligence},
  title = {Dealing with Data Difficulty Factors While Learning from Imbalanced Data},
  volume = 605,
  Pages = {333--363},
  year = 2016
}

@Article{saez15,
    Title   = {{SMOTE}-{IPF}: Addressing the noisy and borderline examples problem in imbalanced classification by a re-sampling method with filtering},
    Author  = {J.~A. S\'aez and J Luengo and J. Stefanowski and F. Herrera},
    JOurnal = {Information Sciences},
    Volume  = {291},
    Year    = {2015},
    Pages   = {184--203}}
    
@InCollection{wei10,
  Title                    = {The Impact of Small Disjuncts on Classifier Learning},
  Author                   = {Gary M. Weiss},
  Booktitle                = {Data Mining},
  Publisher                = {Springer},
  Year                     = {2010},
  Editor                   = {Robert Stahlbock and Sven F. Crone and Stefan Lessmann},
  Pages                    = {193--226},
  Series                   = {Annals of Information Systems},
  Volume                   = {8}
}

@Article{jo04,
  Title                    = {Class Imbalances versus Small Disjuncts},
  Author                   = {T. Jo and N. Japkowicz},
  Journal                  = {{ACM SIGKDD} Explorations Newsletter},
  Year                     = {2004},
  Number                   = {1},
  Pages                    = {40--49},
  Volume                   = {6}
}

@Article{was10,
  Title                    = {Combating the small sample class imbalance problem using feature selection},
  Author                   = {M. Wasikowski and X.-W. Chen},
  Journal                  = {{IEEE} Transactions on Knowledge and Data Engineering},
  Year                     = {2010},
  Number                   = {10},
  Pages                    = {1388--1400},
  Volume                   = {22}
}    

@article{AlshomraniBSFH15,
  author = {Alshomrani, Saleh and Bawakid, Abdullah and Shim, Seong-O. and Fern\'andez, Alberto and Herrera, Francisco},
  journal = {Knowledge-Based Systems},
  pages = {1-17},
  title = {A proposal for evolutionary fuzzy systems using feature weighting: Dealing with overlapping in imbalanced datasets},
  volume = 73,
  year = 2015
}

@article{garcia2008k,
  title={On the k-NN performance in a challenging scenario of imbalance and overlapping},
  author={Garc{\'\i}a, V. and Mollineda, R. A. and S{\'a}nchez, J. S.},
  journal={Pattern Analysis and Applications},
  volume={11},
  number={3-4},
  pages={269--280},
  year={2008},
  publisher={Springer}
}

@Article{lop11,
  Title                    = {Analysis of preprocessing vs. cost-sensitive learning for imbalanced classification. {O}pen problems on intrinsic data characteristics},
  Author                   = {Victoria L\'opez and Alberto Fern\'andez and J. G. Moreno-Torres and Francisco Herrera},
  Journal                  = {Expert Systems with Applications},
  Year                     = {2012},
  Number                   = {7},
  Pages                    = {6585--6608},
  Volume                   = {39}
}

@Article{bar03,
  Title                    = {Strategies for learning in class imbalance problems},
  Author                   = {Barandela, R. and S{a}nchez, J. and Garc\'{\i}a, V. and Rangel, E.},
  Journal                  = {Pattern Recognition},
  Year                     = {2003},
  Number                   = {3},
  Pages                    = {849--851},
  Volume                   = {36}
}

@Article{bat04,
  Title                    = {A Study of the Behaviour of Several Methods for Balancing Machine Learning Training Data},
  Author                   = {Batista, G. E. A. P. A. and Prati, R. C. and Monard, M. C.},
  Journal                  = {{SIGKDD} Explorations},
  Year                     = {2004},
  Number                   = {1},
  Pages                    = {20--29},
  Volume                   = {6}
}

@InProceedings{dom99,
  Title                    = {MetaCost: A General Method for Making Classifiers Cost--Sensitive},
  Author                   = {Domingos, P.},
  Booktitle                = {Proceedings of the 5th International Conference on Knowledge Discovery and Data Mining ({KDD}'99)},
  Year                     = {1999},
  Pages                    = {155--164},

  Location                 = {San Diego, CA}
}

@Article{orr09a,
  Title                    = {Evolutionary rule--based systems for imbalanced datasets},
  Author                   = {Albert Orriols--Puig and Ester Bernado--Mansilla},
  Journal                  = {Soft Computing},
  Year                     = {2009},
  Number                   = {3},
  Pages                    = {213--225},
  Volume                   = {13}
}

@Article{cha02,
  Title                    = {{{SMOTE}}: Synthetic Minority Over--sampling Technique},
  Author                   = {Chawla, N.~V. and Bowyer, K.~W. and Hall, L.~O. and Kegelmeyer, W.~P.},
  Journal                  = {Journal of Artificial Intelligent Research},
  Year                     = {2002},
  Pages                    = {321--357},
  Volume                   = {16}
}

@Article{cha08,
  Title                    = {Automatically countering imbalance and its empirical relationship to cost},
  Author                   = {Nitesh V. Chawla and David A. Cieslak and Lawrence O. Hall and Ajay Joshi},
  Journal                  = {Data Mining and Knowledge Discovery},
  Year                     = {2008},
  Number                   = {2},
  Pages                    = {225--252},
  Volume                   = {17}
}

@Article{sun09,
  Title                    = {Classification of Imbalanced Data: A Review},
  Author                   = {Yanmin Sun and Andrew K. C. Wong and Mohamed S. Kamel},
  Journal                  = {International Journal of Pattern Recognition and Artificial Intelligence},
  Year                     = {2009},
  Number                   = {4},
  Pages                    = {687--719},
  Volume                   = {23}
}

@Article{he09,
  Title                    = {Learning from Imbalanced Data},
  Author                   = {Haibo He and Edwardo A. Garc\'ia},
  Journal                  = {{IEEE} Transactions on Knowledge and Data Engineering},
  Year                     = {2009},
  Number                   = {9},
  Pages                    = {1263--1284},
  Volume                   = {21}
}

@Article{bun11,
    author  = {Bunkhumpornpat, Chumphol and Sinapiromsaran, Krung and Lursinsap, Chidchanok},
    Title   = {{DBSMOTE}: Density-Based Synthetic Minority Over-sampling {TE}chnique},
    Journal = {Applied Intelligence},
    Volume  = {36},
    Number  = {3},
    Pages   = {664--684},
    Year    = {2012}}
    
@ARTICLE{Barua14-mwmote, 
author={S. Barua and M. M. Islam and X. Yao and K. Murase}, 
journal={IEEE Transactions on Knowledge and Data Engineering}, 
title={{MWMOTE}--Majority Weighted Minority Oversampling Technique for Imbalanced Data Set Learning}, 
year={2014}, 
volume={26}, 
number={2}, 
pages={405-425},}

@InProceedings{he08,
    Author  = {H. He and Y. Bai and E. A. Garc\'ia and S. Li},
    Title   = {{ADASYN}: Adaptive Synthetic Sampling Approach for Imbalanced Learning},
    Booktitle = {Proceedings of the 2008 {IEEE} International Joint Conference Neural Networks ({IJCNN}'08)},
    Pages   = {1322--1328},
    Year    = {2008}}
    
@InProceedings{han05,
    Author  = {H. Han and W. Y. Wang and B. H. Mao},
    Title   = {Borderline--{{SMOTE}}: A New Over--Sampling Method in Imbalanced Data Sets Learning},
    BookTitle = {Proceedings of the 2005 International Conference on Intelligent Computing {(ICIC'05)}},
    Series = {Lecture Notes in Computer Science},
    volume = {3644},
    Pages   = {878--887},
    Year    = {2005}}

@Article{Hu-NRSB-2013,
	Author	= {Feng Hu and Hang Li},
	Title	= {A Novel Boundary Oversampling Algorithm Based on Neighborhood Rough Set Model: {NRSBoundary}-{SMOTE}},
	Journal = {Mathematical Problems in Engineering},
	Volume = {2013},
	Pages = {1--10},
	Year = {2013}}
	
@Article{galar11b,
    author  = {M. Galar and A. Fern\'andez and E. Barrenechea and H. Bustince and F. Herrera},
    Title   = {An Overview of Ensemble Methods for Binary Classifiers in Multi-class Problems:
                Experimental Study on One-vs-One and One-vs-All Schemes},
    Journal = {Pattern Recognition},
    Volume  = {44},
    Number  = {8},
    Year    = {2011},
    Pages   = {1761--1776}}
    
 @article{fernandez2013analysing,
  title={Analysing the classification of imbalanced data-sets with multiple classes: Binarization techniques and ad-hoc approaches},
  author={Fern{\'a}ndez, A. and L{\'o}pez, V. and Galar, M. and Del Jesus, M.J. and Herrera, F.},
  journal={Knowledge-based systems},
  volume={42},
  pages={97--110},
  year={2013},
  publisher={Elsevier}
}

@Article{Rokach2010,
  Title                    = {Ensemble-based classifiers},
  Author                   = {Rokach, Lior},
  Journal                  = {Artificial Intelligence Review},
  Year                     = {2010},
  Number                   = {1},
  Pages                    = {1--39},
  Volume                   = {33}
}

@Article{galar12,
  Title                    = {A Review on Ensembles for Class Imbalance Problem: Bagging, Boosting and Hybrid Based Approaches},
  Author                   = {Galar, M. and Fern\'andez, A. and Barrenechea, E. and Bustince, H. and Herrera, F.},
  Journal                  = {{IEEE} Transactions on System, Man and Cybernetics Part C: Applications and Reviews},
  Year                     = {2012},
  Number                   = {4},
  Pages                    = {463-484},
  Volume                   = {42}
}

@ARTICLE{orr09b,
    author  = {Albert Orriols--Puig and Ester Bernad\'o--Mansilla and David E. Goldberg
                and Kumara Sastry and Pier Luca Lanzi},
    title   = {Facetwise Analysis of {XCS} for Problems with Class Imbalances},
    journal = {{IEEE} Transactions on Evolutionary Computation},
    year    = {2009},
    volume  = {13},
    pages   = {260--283}}
    
@article{wei03,
    author  = {Gary M. Weiss and Foster J. Provost},
    title   = {Learning When Training Data are Costly: The Effect of Class Distribution on Tree Induction},
    journal = {Journal of Artificial Intelligence Research},
    volume  = {19},
    year    = {2003},
    pages   = {315--354}}
    
  @ARTICLE{wei04,
    author  = {Gary M. Weiss},
    title   = {Mining with rarity: a unifying framework},
    journal = {{SIGKDD} Explorations},
    year    = {2004},
    volume  = {6},
    pages   = {7--19},
    number  = {1}}
    
    @InProceedings{stef10,
    Title   = {Learning from Imbalanced Data in Presence of Noisy and Borderline Examples},
    Author  = {Krystyna Napierala and Jerzy Stefanowski and Szymon Wilk},
    BookTitle = {Proceedings of the 7th International Conference on Rough Sets and Current Trends in Computing ({RSCTC'10})},
    Series  = {Lecture Notes on Artificial Intelligence},
    Volume  = {6086},
    Pages   = {158-167},
    Year    = {2010}}
    
    @Article{rau91,
    Author = {S. J. Raudys and A. K. Jain},
    Title = {Small Sample Size Effects in Statistical Pattern Recognition: Recommendations for Practitioners},
    Journal = {{IEEE} Transactions on Pattern Analysis and Machine Intelligence},
    Volume = {13},
    Number = {3},
    Pages = {252--264},
    Year = {1991}}
    
@inproceedings{friedman96,
  author    = {Jerome H. Friedman and Ron Kohavi and Yeogirl Yun},
  booktitle = {Proceedings of the AAAI/IAAI, Vol. 1},
  pages     = {717-724},
  title     = {Lazy Decision Trees},
  year      = 1996}
  
  @Article{Blagus2013,
AUTHOR = {Blagus, Rok and Lusa, Lara},
TITLE = {{SMOTE} for high-dimensional class-imbalanced data},
JOURNAL = {BMC Bioinformatics},
VOLUME = {14},
YEAR = {2013},
NUMBER = {1},
PAGES = {106},
PubMedID = {23522326},
ISSN = {1471-2105}
}

@Book{Mahout16-Book,
	Title	= {Apache Mahout: Beyond {MapReduce}},
	Year = {2016},
	Author = {Dmitriy Lyubimov and Andrew Palumbo},
	Publisher = {CreateSpace Independent},
	Edition = {1st}}
	
@article{MLlib,
  author  = {Xiangrui Meng and Joseph Bradley and Burak Yavuz and Evan Sparks and Shivaram Venkataraman and Davies Liu and Jeremy Freeman and DB Tsai and Manish Amde and Sean Owen and Doris Xin and Reynold Xin and Michael J. Franklin and Reza Zadeh and Matei Zaharia and Ameet Talwalkar},
  title   = {{MLlib}: Machine Learning in Apache Spark},
  journal = {Journal of Machine Learning Research},
  year    = {2016},
  volume  = {17},
  number  = {34},
  pages   = {1-7}}
}

@misc{ECBDL14,
  Title = {{{ECBDL}}'14 dataset},
  url = {http://cruncher.ncl.ac.uk/bdcomp/}  }
  
@Article{BartekImb16,
	Journal	= {Progress in Artificial Intelligence},
	Pages	= {221-232},
	Title	= {Learning from imbalanced data: open challenges and future directions},
	Author	= {Bartosz Krawczyk},
	Volume	= {5}, 
	Number	= {4	},
	Year		= {2016}}

@article{Ramentol-ifrowann15,
  author = {Ramentol, Enislay and Vluymans, Sarah and Verbiest, Nele and Caballero, Yaile and Bello, Rafael and Cornelis, Chris and Herrera, Francisco},
  journal = {IEEE Transactions on Fuzzy Systems},
  number = 5,
  pages = {1622-1637},
  title = {{IFROWANN}: Imbalanced Fuzzy-Rough Ordered Weighted Average Nearest Neighbor Classification},
  volume = 23,
  year = 2015}

@article{ElhagFBAH15,
  author = {Elhag, Salma and Fern\'andez, Alberto and Bawakid, Abdullah and Alshomrani, Saleh and Herrera, Francisco},
  journal = {Expert Systems with Applications},
  number = 1,
  pages = {193-202},
  title = {On the combination of genetic fuzzy systems and pairwise learning for improving detection rates on Intrusion Detection Systems.},
  volume = 42,
  year = 2015
}

@article{haixiang2015bpso,
  title={{BPSO-Adaboost-KNN} ensemble learning algorithm for multi-class imbalanced data classification},
  author={Haixiang, G. and Yijing, L. and Yanan, L. and Xiao, L. and Jinling, L.},
  journal={Engineering Applications of Artificial Intelligence},
  year={2016},
  volume={49},
  pages={176-193},
  publisher={Elsevier}}

@article{yu2013recognition,
  title={Recognition of multiple imbalanced cancer types based on {DNA} microarray data using ensemble classifiers},
  author={Yu, H. and Hong, S. and Yang, X. and Ni, J. and Dan, Y. and Qin, B.},
  journal={BioMed research international},
  volume={2013},
  Pages={1-13},
  year={2013},
  publisher={Hindawi Publishing Corporation}}

@Article{chen2016empirical,
author="Chen, You-Shyang",
title="An empirical study of a hybrid imbalanced-class DT-RST classification procedure to elucidate therapeutic effects in uremia patients",
journal="Medical \& Biological Engineering \& Computing",
year="2016",
Volume =  54,
pages="983-1001",
}

@article{Elsebakhi15-BioMedicalBD,
  author = {Elsebakhi, Emad and Lee, Frank and Schendel, Eric and Haque, Anwar and Kathireason, Nagarajan and Pathare, Tushar and Syed, Najeeb and Al-Ali, Rashid},
  journal = {Journal of Computational Science},
  pages = {69-81},
  title = {Large-scale machine learning based on functional networks for biomedical {Big Data} with high performance computing platforms},
  volume = 11,
  year = 2015
}

@article{Kamal16-PreproBD,
  author = {Kamal, Sarwar and Ripon, Shamim Hasnat and Dey, Nilanjan and Ashour, Amira S. and Santhi, V.},
  journal = {Computer Methods and Programs in Biomedicine},
  pages = {191-206},
  title = {A {MapReduce} approach to diminish imbalance parameters for big deoxyribonucleic acid dataset},
  volume = 131,
  year = 2016
}

@inproceedings{Krawczyk16-StreamsBD,
  author = {Krawczyk, Bartosz},
  booktitle = {ICCS},
  editor = {Connolly, Michelle},
  pages = {1692-1701},
  series = {Procedia Computer Science},
  title = {{GPU}-Accelerated Extreme Learning Machines for Imbalanced Data Streams with Concept Drift},
  volume = 80,
  year = 2016
}

@Book{bae99,
Author = {R. Baeza-Yates and B. Ribeiro-Neto},
Year = {1999},
Title = {Modern Information Retrieval},
Publisher = {Addison Wesley}}

@ARTICLE{Huang05,
author = {Jin Huang and Charles X. Ling},
title = {Using {AUC} and Accuracy in Evaluating Learning Algorithms},
journal = {{IEEE} Transactions on Knowledge and Data Engineering},
year = {2005},
volume = {17},
pages = {299--310},
number = {3}}  

@Article{alc11-keel,
    Author  = {Jes\'us Alcal\'a--Fdez and Alberto Fern\'andez and Juli\'an Luengo and Joaqu\'in Derrac and
            Salvador Garc\'ia and Luciano S\'anchez and Francisco Herrera},
    Title   = {{KEEL} Data--Mining Software Tool: Data Set Repository, Integration of Algorithms and
            Experimental Analysis Framework},
    Journal = {Journal of Multi--Valued Logic and Soft Computing},
    Year    = {2011},
    Volume  = {17},
    Number  = {2-3},
    Pages   = {255--287}}
    
@article{GuoGMB10-SmallSize,
  author = {Guo, Yu and Graber, Armin and McBurney, Robert N. and Balasubramanian, Raji},
  journal = {BMC Bioinformatics},
  pages = 447,
  title = {Sample size and statistical power considerations in high-dimensionality data settings: a comparative study of classification algorithms},
  volume = 11,
  year = 2010
}

    
@article{TomczakZ15-medicalImb,
  author = {Tomczak, Jakub M. and Zieba, Maciej},
  journal = {Machine Learning},
  number = {1-3},
  pages = {105-135},
  title = {Probabilistic combination of classification rules and its application to medical diagnosis},
  volume = 101,
  year = 2015
}

@article{Li16-ImbBio,
        author={Li,J. and Fong,S. and Sung,Y. and Cho,K. and Wong,R. and Wong,K. K. L.},
        year={2016},
        title={Adaptive swarm cluster-based dynamic multi-objective synthetic minority oversampling technique algorithm for tackling binary imbalanced datasets in biomedical data classification},
        journal={BioData Mining},
        volume={9},
        number={1},
        pages={1-15},
}    

@article{Wang17-Overview,
        author={Wang,H. and Xu,Z. and Pedrycz,W.},
        year={2017},
        title={An overview on the roles of fuzzy set techniques in big data processing: Trends, challenges and opportunities},
        journal={Knowledge-Based Syst.},
        volume={118},
        pages={15-30}}