@article{liu89,
 author = {Liu, D. C. and Nocedal, J.},
 title = {On the Limited Memory {BFGS} Method for Large Scale Optimization},
 journal = {Mathematical Programming},
 volume = {45},
 number = {3},
 year = {1989},
 pages = {503--528}
} 


@article{baldi14,
      author         = "Baldi, Pierre and Sadowski, Peter and Whiteson, Daniel",
      title          = "{Searching for Exotic Particles in High-Energy Physics
                        with Deep Learning}",
      journal        = "Nature Communications",
      volume         = "5",
      year           = "2014",
      pages          = "4308"
}


@book{hastie11,
    author = {Hastie, Trevor and Tibshirani, Robert and Friedman, Jerome},
    edition = {2nd ed.},
    priority = {2},
    publisher = {Springer},
    series = {Springer Series in Statistics},
    title = {{The Elements of Statistical Learning: Data Mining, Inference, and Prediction, Second Edition}},
    url = {http://www-stat.stanford.edu/\~{}tibs/ElemStatLearn/main.html},
    year = {2011}
}

@misc{mllibguide,
  author = {Apache Spark},
  title = {{Machine Learning Library (MLlib) Guide}},
  year = 2017,
  howpublished={\url{https://spark.apache.org/docs/latest/ml-guide.html}},
}

@misc{mllibtrees,
  author = {Databricks Blog},
  title = {{Random Forests and Boosting in MLlib}},
  year = 2017,
  howpublished={\url{https://databricks.com/blog/2015/01/21/random-forests-and-boosting-in-mllib.html}},
}

@misc{mllibdt,
  author = {Databricks Blog},
  title = {{Scalable Decision Trees in MLlib}},
  year = 2017,
  howpublished={\url{https://databricks.com/blog/2014/09/29/scalable-decision-trees-in-mllib.html}},
}



@misc{sparkpackages,
  author = {Spark Packages},
  title = {{3rd Party Spark Packages}},
  year = 2017,
  howpublished={\url{https://spark-packages.org/}},
}


@INPROCEEDINGS{dean04,
    author = {Jeffrey Dean and Sanjay Ghemawat},
    title = {MapReduce: Simplified data processing on large clusters},
    booktitle = {In Proceedings of the 6th Symposium on Operating Systems Design and Implementation (OSDI)},
    year = {2004},
    pages = {137--150},
    publisher = {}
}

@misc{harris13,
  author = {Derrick Harris},
  title = {{The history of Hadoop: From 4 nodes to the future of data}},
  year = 2013,
  howpublished={\url{https://gigaom.com/2013/03/04/the-history-of-hadoop-from-4-nodes-to-the-future-of-data/}},
}


@misc{spark,
  author = {Apache Spark},
  title = {{Apache Spark: Lightning-fast cluster computing}},
  year = 2017,
  howpublished={\url{http://spark.apache.org/}},
}

@misc{flink,
  author = {Apache Flink},
  title = {{Apache Flink}},
  year = 2017,
  howpublished={\url{http://flink.apache.org/}},
}

@misc{flinkengine,
  author = {{Apache Flink Project}},
  title = {{Peeking into Apache Flink's Engine Room}},
  year = 2017,
  howpublished={\url{https://flink.apache.org/news/2015/03/13/peeking-into-Apache-Flinks-Engine-Room.html
}},
}

@inproceedings{buitin13,
  author    = {Lars Buitinck and Gilles Louppe and Mathieu Blondel and
               Fabian Pedregosa and Andreas Mueller and Olivier Grisel and
               Vlad Niculae and Peter Prettenhofer and Alexandre Gramfort
               and Jaques Grobler and Robert Layton and Jake VanderPlas and
               Arnaud Joly and Brian Holt and Ga{\"{e}}l Varoquaux},
  title     = {{API} design for machine learning software: experiences from the scikit-learn
               project},
  booktitle = {ECML PKDD Workshop: Languages for Data Mining and Machine Learning},
  year      = {2013},
  pages = {108--122},
}


@ARTICLE{panda09,
    author = {Biswanath P and Joshua S. Herbach and Sugato Basu and Roberto J. Bayardo and Google Inc},
    title = {{PLANET}: Massively parallel learning of tree ensembles with mapreduce},
    journal = {PVLDB},
    year = {2009},
    pages = {1426--1437}
}

@article{mllib15,
  author  = {Xiangrui Meng and Joseph Bradley and Burak Yavuz and Evan Sparks and Shivaram Venkataraman and Davies Liu and Jeremy Freeman and DB Tsai and Manish Amde and Sean Owen and Doris Xin and Reynold Xin and Michael J. Franklin and Reza Zadeh and Matei Zaharia and Ameet Talwalkar},
  title   = {MLlib: Machine Learning in Apache Spark},
  journal = {Journal of Machine Learning Research},
  year    = {2016},
  volume  = {17},
  number  = {34},
  pages   = {1-7}
}

@inproceedings{zaharia12,
 author = {Zaharia, Matei and Chowdhury, Mosharaf and Das, Tathagata and Dave, Ankur and Ma, Justin and McCauley, Murphy and Franklin, Michael J. and Shenker, Scott and Stoica, Ion},
 title = {Resilient Distributed Datasets: A Fault-tolerant Abstraction for In-memory Cluster Computing},
 booktitle = {Proceedings of the 9th USENIX Conference on Networked Systems Design and Implementation},
 series = {NSDI'12},
 year = {2012},
 pages = {2--2},
 numpages = {1}
} 

@book{hamstra15,
  title={Learning Spark: Lightning-Fast Big Data Analytics},
  author={Hamstra, M. and Karau, H. and Zaharia, M. and Konwinski, A. and Wendell, P.},
  isbn={9781449358624},
  year={2015},
  publisher={O'Reilly Media, Incorporated}
}

@misc{mahout,
  author = {Apache Mahout},
  title = {{Apache Mahout}},
  year = 2017,
  howpublished={\url{https://mahout.apache.org/}},
}


@article{wu14,
author={Xindong Wu and Xingquan Zhu and Gong-Qing Wu and Wei Ding},
journal={Knowledge and Data Engineering, IEEE Transactions on},
title={Data mining with big data},
year={2014},
volume={26},
number={1},
pages={97-107}}

@misc{yarn,
  author = {Apache YARN},
  title = {{Apache YARN}},
  year = 2017,
  howpublished={\url{https://hadoop.apache.org/docs/current/hadoop-yarn/hadoop-yarn-site/YARN.html}},
}


@misc{hdfs,
  author = {Hadoop Distributed File System},
  title = {{Hadoop Distributed File System}},
  year = 2017,
  howpublished={\url{https://hadoop.apache.org/docs/stable/hadoop-project-dist/hadoop-hdfs/HdfsUserGuide.html}},
}

@misc{apache,
  author = {Apache Software Foundation},
  title = {{Apache Project Directory}},
  year = 2017,
  howpublished={\url{https://projects.apache.org/}},
}

@misc{tez,
  author = {Apache Tez},
  title = {{Apache Tez}},
  year = 2017,
  howpublished={\url{https://tez.apache.org/}},
}

@article{jaggi14,
  author    = {Martin Jaggi and
               Virginia Smith and
               Martin Tak{\'{a}}c and
               Jonathan Terhorst and
               Sanjay Krishnan and
               Thomas Hofmann and
               Michael I. Jordan},
  title     = {Communication-Efficient Distributed Dual Coordinate Ascent},
  journal   = {CoRR},
  volume    = {abs/1409.1458},
  year      = {2014},
  url       = {http://arxiv.org/abs/1409.1458}
}

@article{zhang14b,
  title={Parallelization of ontology construction and fusion based on MapReduce},
  author={Qian Zhang and Bin Wu and Juan Yang},
  journal={2014 IEEE 3rd International Conference on Cloud Computing and Intelligence Systems},
   volume  = {},
  number  = {},
  year={2014},
  pages={439-443}
}

@ARTICLE{rio15b,
author={del R\'io, S. and L\'opez, V. and Ben\'itez, J.M. and Herrera, F.},
title={A MapReduce Approach to Address Big Data Classification Problems Based on the Fusion of Linguistic Fuzzy Rules},
journal={International Journal of Computational Intelligence Systems},
year={2015},
volume={8},
number={3},
pages={422-437}
}

@article{meng15,
  title={Parallel information fusion method for microarray data analysis},
  author={Jun Meng and Rui Li and Jing Zhang},
  journal={2015 IEEE International Conference on Big Data (Big Data)},
  year={2015},
   volume  = {},
  number  = {},
  pages={1539-1544}
}

@article{rio14b,
author={del R\'io, S. and L\'opez, V. and Ben\'itez, J.M. and Herrera, F.},
title = "On the use of MapReduce for imbalanced big data using Random Forest ",
journal = "Information Sciences ",
volume = "285",
number = "",
pages = "112 - 137",
year = "2014"
}

@inproceedings{dennis74,
 author = {Dennis, J. B.},
 title = {First Version of a Data Flow Procedure Language},
 booktitle = {Programming Symposium, Proceedings Colloque Sur La Programmation},
 year = {1974},
 isbn = {3-540-06859-7},
 pages = {362--376},
 numpages = {15},
 publisher = {Springer-Verlag},
 address = {London, UK},
} 

@MISC{sung00,
    author = {Michael Sung},
    title = {{SIMD} Parallel Processing Michael Sung 6.911: Architectures Anonymous},
    year = {2000}
}

@article{vali90,
 author = {Valiant, Leslie G.},
 title = {A Bridging Model for Parallel Computation},
 journal = {Communications of ACM},
 volume = {33},
 number = {8},
 year = {1990},
 issn = {0001-0782},
 pages = {103--111},
 numpages = {9},
 acmid = {79181},
 publisher = {ACM},
 address = {New York, NY, USA}
} 
